3772 5970
194 300 263 372 irae
321 313 323 316 ’
496 293 524 369 s.
545 308 718 368 aaouonrs
738 288 1053 367 mainosuuohthl
1071 289 1306 366 iusrnmonrs
1326 292 1403 365 ore.
1423 293 1543 364 alost
1791 296 1856 362 uu

192 437 268 490 tates
278 432 381 502 erudit,
395 433 471 505 quia,
486 433 557 489 dum
570 449 619 488 eos
637 430 780 504 permittit
798 430 843 485 hie
856 430 947 501 ailligi
962 431 991 485 el
1006 428 1182 493 Astimenta
1196 431 1290 483 vestra
1302 427 1382 499 (Joel.
1398 443 1429 495 u,
1446 427 1503 498 la).
1521 447 1536 474 ι»
1558 423 1641 489 Quod
1665 422 1743 479 dicit
1765 421 1857 496 justos

194 521 277 578 bonis
284 521 472 595 praesentibus
480 519 707 593 spoliari,innuit
716 519 991 573 haecbonanonesse
1044 518 1131 572 corde
1146 516 1258 572 loturos
1270 516 1352 587 juxta
1364 513 1654 585 Christum,positum
1671 514 1719 567 est
1729 528 1749 566 a
1760 511 1857 567 simili-

194 626 310 663 summa
322 610 408 675 bona,
419 627 482 682 quaa
496 610 534 663 sic
549 608 737 674 amittuntur,
755 622 808 660 nec
824 604 993 661 hancvitam
1043 605 1143 659 tudine
1157 603 1245 675 regis,
1274 602 1322 675 qui
1349 600 1493 656 chariores
1514 603 1544 655 et
1568 598 1753 656 valentiores
1773 598 1856 654 duces

194 696 306 752 felicem
323 713 393 764 csse,
410 697 439 750 in
456 713 513 768 qua
527 695 567 750 sic
582 695 765 766 ailliguntur;
782 694 831 748 sed
847 694 903 748 alia
917 693 994 750 hona
1043 708 1118 760 suos,
1130 692 1213 762 juxta
1227 706 1257 746 se
1282 690 1313 745 in
1328 689 1435 762 palatio
1463 704 1513 743 suo
1532 687 1635 742 sedere
1650 685 1742 754 facit;
1761 689 1792 742 et
1804 687 1855 742 hoc

194 802 308 840 summo
324 802 395 853 csse,
417 788 445 840 et
460 785 544 839 aliam
561 774 647 838 citam
664 786 803 837 uternam
822 787 851 837 et
865 783 991 850 beatam,
1043 782 1120 854 quod
1134 781 1340 852 interrogativo
1353 779 1444 850 ponit,
1460 778 1538 834 idem
1550 782 1594 832 est
1614 794 1649 832 ac
1671 777 1694 832 si
1718 776 1852 831 diceret:

193 890 257 945 qum
273 874 433 944 expetenda
446 875 522 927 sunl.
539 873 596 926 Hoc
612 875 709 926 autem
721 871 800 943 quod
814 871 882 925 dicit
904 872 993 925 beetur
1041 871 1153 924 ductilia
1179 872 1363 924 convertetur
1391 870 1418 923 in
1438 868 1583 939 judiciuin,
1613 873 1640 921 et
1663 868 1756 937 juxte
1783 864 1850 920 illurn

191 962 268 1016 borno
279 979 356 1034 quem
370 968 398 1015 tu
412 962 547 1028 erudierit,
560 961 638 1016 idem
652 965 694 1015 est
708 977 740 1014 ae
755 960 778 1014 si
790 960 910 1016 diceret:
922 961 990 1014 Ero·
1041 962 1127 1014 erunt
1141 975 1230 1015 omnes
1245 958 1295 1029 qui
1306 962 1369 1011 eunt
1389 957 1465 1012 eorde
1482 956 1564 1019 recti,
1585 971 1646 1010 non
1662 954 1850 1010 solummodo

191 1046 262 1103 ditio
277 1049 507 1115 tribulationum,
524 1063 609 1102 causa
623 1047 679 1102 erit
695 1046 890 1102 beatitudinis.
906 1048 939 1102 Et
954 1063 992 1102 ne
1040 1046 1144 1118 specie.
1159 1045 1476 1118 Ergoquandoquidem
1486 1042 1849 1112 eruntsolummodojuxta

189 1135 289 1190 beatus
303 1137 390 1190 homo
407 1135 529 1203 futurus,
545 1135 592 1189 hic
608 1135 637 1189 in
653 1134 872 1190 tribulationum
894 1134 989 1190 erudi·
1039 1132 1120 1190 illam
1137 1133 1303 1206 omnesqui
1320 1139 1389 1189 recto
1404 1136 1471 1187 sunt
1484 1131 1572 1187 eorde.
1589 1129 1658 1198 Quis
1672 1131 1779 1186 volens
1791 1146 1846 1186 esse

188 1223 267 1277 tione
282 1222 404 1289 deficiat,
416 1223 535 1277 docueris
549 1239 608 1278 eum
620 1223 651 1277 de
664 1223 718 1292 leqe
733 1229 789 1288 tue,
807 1222 835 1276 id
851 1225 893 1277 est
907 1222 990 1278 doce·
1038 1227 1134 1277 reclus
1149 1222 1247 1288 corde,
1263 1222 1334 1276 milti
1352 1221 1506 1291 adjunctus
1527 1236 1579 1293 per
1605 1219 1847 1275 conformitatem

187 1309 229 1364 bis
241 1326 367 1382 comper
382 1311 544 1366 doctrinam
558 1311 628 1381 tegis
643 1313 699 1364 tuae
714 1309 987 1365 hanceruditionem
1039 1318 1178 1382 coneurqet
1194 1311 1229 1366 de
1245 1326 1383 1382 corporeo
1395 1307 1781 1364 stratuexislendoedoersus
1791 1324 1845 1362 mo·

186 1397 329 1469 patienter
345 1416 405 1454 esse
419 1399 579 1454 serendam.
597 1398 677 1453 Unde
692 1398 752 1469 ipse
764 1398 831 1454 dicit
848 1397 878 1453 in
894 1400 987 1454 Evau-
1039 1398 1159 1469 liqontes,
1169 1398 1199 1454 id
1213 1401 1255 1452 est
1267 1397 1493 1453 contradicendo
1509 1384 1681 1452 advcisariis
1699 1396 1841 1464 Ecclesiae,

186 1485 262 1556 gotio
280 1503 286 1541 :
303 1510 317 1553 u
331 1487 383 1550 Qui
401 1489 460 1542 vult
484 1488 581 1542 venire
604 1489 668 1558 post
682 1503 739 1553 mo,
757 1487 882 1559 abneget
897 1505 987 1543 seme-
1037 1486 1179 1541 lucreticis
1192 1485 1299 1541 scilicet
1313 1488 1343 1539 et
1357 1485 1434 1540 lalsis
1445 1484 1637 1540 Christianis?
1647 1483 1711 1538 Aut
1721 1484 1843 1555 quiesto-

187 1573 303 1644 tipsum,
315 1578 344 1630 el
359 1575 440 1630 tollat
453 1591 567 1630 crucem
583 1590 663 1629 suam
687 1573 825 1647 quotidie,
841 1577 870 1629 ct
884 1592 986 1647 sequa·
1039 1573 1085 1641 lit,
1102 1573 1188 1628 idest
1212 1576 1241 1628 et
1265 1573 1328 1645 quis
1351 1572 1547 1644 perseverabit
1562 1589 1665 1626 mecum
1684 1570 1841 1644 praeliando

186 1664 290 1717 turma
302 1662 379 1735 (Luc.
392 1681 428 1730 rr,
446 1664 503 1736 23).
519 1683 535 1715 r>
558 1662 719 1733 Interponit
748 1666 845 1717 autem
870 1679 986 1718 causam
1036 1675 1090 1729 per
1102 1659 1843 1731 contradictionem,edversusoperonlesinr'quitcteni

186 1766 274 1820 quare
290 1768 356 1806 eum
371 1750 494 1819 docebit,
509 1768 573 1806 enm
588 1751 668 1805 addit
683 1769 690 1805 :
708 1751 774 1805 ldeo
790 1752 896 1806 seilicet
906 1753 988 1807 doce.
999 1742 1026 1800 B
1037 1749 1098 1803 Non
1115 1749 1193 1804 enim
1209 1748 1332 1804 sullieiet
1341 1765 1529 1820 consurgere,
1540 1747 1594 1802 nisi
1610 1748 1647 1803 sit
1659 1748 1840 1803 etiamslare.

185 1836 229 1892 his
242 1855 308 1894 eum
320 1840 476 1911 perlegem
492 1844 582 1906 tuam,
592 1846 622 1893 ut
636 1841 741 1910 enitiqes
754 1840 781 1894 ei
793 1843 959 1910 exasperato
970 1859 987 1893 o
1037 1837 1220 1907 llloliqnontes
1244 1846 1268 1893 et
1295 1845 1431 1909 operantes
1448 1839 1633 1908 iniquitatem,
1655 1837 1753 1892 iidem
1770 1840 1841 1891 sunt.

184 1928 278 1983 diebus
289 1928 377 1996 melre,
393 1928 421 1983 id
438 1932 480 1983 est
493 1931 524 1983 ut
538 1930 588 1984 des
610 1928 824 1999 mitigationem
840 1928 987 1999 patientiae
1039 1925 1152 1980 Dictum
1167 1929 1210 1980 est
1225 1928 1321 1980 aulem
1337 1942 1354 1980 a
1368 1924 1558 1981 similitudine
1572 1925 1693 1995 civium,
1705 1925 1843 1996 quinocte

185 2015 284 2088 ei,qui
311 2020 497 2087 exasperatur
522 2034 539 2072 a
568 2016 668 2072 diebus
694 2016 923 2084 tribulationum,
938 2019 987 2089 qui
1038 2012 1842 2089 abboslibusinvasi,delectulisinquibusdormiebaul,

186 2103 248 2159 dies
262 2104 330 2158 mali
348 2105 492 2172 dicuntur,
505 2121 538 2159 eo
555 2104 632 2177 quod
647 2105 676 2160 in
689 2105 729 2159 eis
738 2104 894 2159 multarum
910 2106 987 2161 mala
1039 2104 1228 2173 consurgunt,
1240 2106 1269 2157 et
1281 2118 1397 2157 murum
1411 2101 1533 2156 civitatis
1547 2100 1753 2168 ascendentes,
1765 2104 1794 2155 et
1806 2099 1843 2154 ibi

186 2191 402 2247 tribulationum
416 2191 556 2247 insistent.
575 2192 656 2257 Quod
669 2195 712 2247 est
727 2192 986 2248 dicerc:1dooeum
1040 2192 1159 2256 slantes,
1172 2207 1237 2245 eam
1250 2191 1286 2245 ah
1310 2192 1417 2246 assultu
1440 2190 1567 2246 hostium
1590 2189 1769 2245 detendunt.
1789 2189 1844 2244 lloc

186 2280 313 2348 docebis,
323 2283 354 2335 ut
365 2282 417 2335 sub
424 2280 642 2336 tribulationum
651 2282 779 2352 pondere
794 2299 851 2336 non
861 2282 986 2351 deficiat,
1039 2279 1136 2332 autern
1153 2280 1230 2351 quod
1241 2278 1448 2350 interrogative
1463 2279 1556 2352 ponit,
1572 2278 1610 2334 ad
1624 2278 1774 2350 majorem
1798 2293 1843 2332 ex·

185 2368 318 2440 aquibus
333 2373 525 2440 exasperatur.
542 2370 567 2424 A
583 2370 673 2424 dietus
684 2370 764 2424 ruetis
777 2370 850 2436 dico,
867 2370 988 2426 duratu-
1037 2365 1237 2422 hortationem
1253 2366 1332 2423 lacit.
1348 2369 1382 2422 Et
1397 2370 1439 2422 cst
1454 2367 1515 2422 acsi
1527 2367 1655 2423 diceret:
1670 2368 1844 2439 Ergoquan·

185 2454 225 2510 ris
240 2455 341 2511 nonin
356 2457 985 2528 perpetuum,sedtandiu,doneesodieturso·
1039 2453 1196 2526 doquidem
1216 2456 1286 2510 recti
1308 2457 1395 2511 corde
1419 2455 1606 2511 solummodo
1630 2456 1754 2511 stabunt
1767 2455 1843 2527 juste

187 2558 234 2596 eee
241 2545 399 2613 peccatoris,
413 2543 754 2599 idesteonsumnreturin
763 2544 986 2601 futurodamna-
1039 2542 1124 2609 ittam,
1138 2559 1296 2599 vosomnes
1309 2544 1474 2616 quicunque
1489 2544 1573 2599 vultis
1583 2560 1644 2599 esse
1657 2545 1733 2599 recti
1748 2542 1841 2612 corde,

184 2631 224 2685 tio
237 2632 394 2702 peccatoris
410 2632 508 2687 fideles
522 2633 730 2704 persequentis.
747 2632 859 2687 Dictum
875 2637 917 2688 cst
932 2635 985 2690 hoc
1038 2634 1067 2685 el
1082 2648 1134 2704 per
1146 2633 1200 2687 hoc
1212 2633 1295 2703 juxta
1308 2633 1388 2688 illam
1405 2649 1476 2701 osse,
1494 2633 1564 2688 mihi
1580 2632 1843 2688 adhaerentescon·

100 2776 103 2780 ,
185 2718 984 2793 asimilitudioeillius,cujuslovcaloditor,utpostin
1037 2719 1281 2790 surgiteodeersue
1294 2721 1525 2791 malignanteset
1546 2723 1619 2776 state
1632 2720 1843 2776 meetemndeer·

184 2823 248 2861 eam
257 2806 770 2881 dejiciatur.Etnotandum,quodhoc
781 2809 986 2866 dicitadbono·
1037 2823 1080 2861 sus
1094 2817 1228 2878 operantes
1240 2810 1419 2880 iniquitatem.

183 2913 249 2951 rum
256 2897 493 2959 consolationem,
504 2900 534 2953 et
543 2897 579 2952 ad
590 2899 734 2953 malorum
740 2897 984 2967 perterritionem.
1077 2896 1211 2963 Quamvis
1227 2901 1324 2953 aulem
1340 2897 1379 2952 sic
1394 2898 1533 2965 adhortor
1547 2897 1585 2954 ad
1605 2897 1841 2970 consurgendum

221 2985 393 3055 Interposita
408 3001 493 3040 causa
518 3002 607 3056 quare
633 2984 757 3052 docebit,
775 2986 902 3041 ostendit
918 2987 987 3058 quid
1003 2986 1069 3079 Cel
1084 2985 1120 3038 ad
1130 2985 1463 3052 standum,insulllciens
1472 2989 1571 3041 tamen
1581 3002 1634 3057 per
1643 3002 1767 3042 mesum
1777 3002 1844 3041 con·

188 3070 312 3139 docebit,
324 3073 448 3129 sic1Hoc
460 3074 567 3129 scilicet
582 3074 697 3129 docebit
711 3074 850 3129 Dominus
861 3076 989 3147 perlegis
1040 3088 1159 3143 surgere
1173 3075 1202 3126 el
1216 3077 1301 3128 stare.
1318 3072 1383 3128 Nisi
1397 3073 1476 3129 enim
1491 3073 1556 3129 ideo
1572 3073 1761 3134 romanisset.
1786 3076 1843 3146 quio

188 3177 245 3216 snm
252 3145 351 3232 379
366 3162 539 3229 doctrinam,
549 3163 626 3234 quod
634 3162 833 3233 ipseDorninus
841 3180 896 3216 non
907 3165 988 3234 repet·
1041 3159 1285 3233 Dorniruuerlq'uvit
1297 3178 1348 3229 me,
1359 3178 1412 3235 per
1424 3161 1595 3234 adjutricem
1604 3163 1748 3234 gratiam,
1758 3165 1845 3219 aniene

181 3242 223 3303 'let
227 3250 332 3321 plebem
346 3267 433 3318 suum,
458 3251 524 3305 licet
537 3251 626 3305 etiam
644 3250 772 3322 patiatur
786 3250 887 3322 afiligi,
904 3251 933 3306 id
949 3256 992 3307 est
1042 3265 1100 3302 meo
1110 3248 1261 3312 latitasset,
1272 3249 1302 3304 id
1315 3252 1358 3304 est
1370 3266 1557 3322 perseverans
1571 3250 1674 3307 luisset
1686 3253 1716 3305 in
1734 3253 1846 3322 infernae,

187 3337 243 3393 hoe
259 3338 382 3406 docebit,
398 3339 475 3410 quod
498 3355 556 3394 non
579 3338 685 3394 idcirco
711 3340 852 3411 permittit
876 3341 991 3411 plebem
1043 3336 1072 3391 id
1088 3337 1173 3391 estin
1189 3353 1330 3394 consensu
1345 3338 1514 3411 impiorum,
1527 3338 1650 3411 quijure
1662 3339 1849 3395 infernusdi·

187 3440 269 3480 sunm
290 3425 392 3496 allligi,
403 3430 434 3480 ut
448 3443 513 3481 eam
529 3428 992 3498 repellatctnegligat.Ethocdo-
1044 3425 1127 3492 citur,
1145 3441 1179 3479 00
1200 3425 1276 3496 quod
1292 3442 1344 3498 por
1356 3443 1423 3481 eum
1435 3427 1472 3482 ad
1489 3426 1637 3482 infernum
1660 3428 1809 3496 veniatur,
1824 3431 1850 3483 et

188 3513 426 3586 ccbit,quodcum
437 3515 586 3586 permittat
594 3515 725 3570 tribulari
733 3517 867 3572 camdem
877 3519 991 3589 plebem
1039 3513 1122 3584 poulo
1135 3515 1232 3581 minue,
1245 3513 1274 3569 id
1285 3517 1328 3569 cst
1339 3530 1495 3587 perparum
1510 3515 1601 3570 deluit
1615 3515 1722 3571 anima
1732 3533 1801 3572 mea
1817 3517 1849 3572 ab

190 3619 283 3670 suam,
300 3619 363 3674 quae
379 3603 532 3658 haereditas
547 3604 610 3674 ejus
622 3607 674 3671 est,
689 3607 787 3659 tanton
800 3604 892 3675 ipsam
911 3607 991 3659 leore-
1043 3602 1307 3673 ejushabitatione.
1324 3603 1382 3658 lloc
1401 3607 1499 3659 autem
1524 3604 1593 3660 dixit
1623 3604 1662 3661 ad
1683 3607 1849 3680 exemplum

188 3689 299 3745 dilatem
313 3709 389 3745 suom
402 3709 454 3745 non
468 3691 640 3763 derelinquet.
654 3692 724 3747 Cum
749 3693 832 3763 ponit
854 3711 907 3747 non
918 3694 991 3748 dere·
1042 3691 1222 3760 humilitatis,
1239 3708 1275 3746 ne
1291 3692 1440 3747 conlldant
1453 3693 1550 3749 idiotae
1561 3710 1613 3766 per
1622 3711 1654 3749 se
1666 3711 1755 3767 posse
1766 3699 1846 3751 stare.

116 3839 117 3842 Ἴ
189 3779 299 3851 linquet,
317 3780 403 3834 dator
418 3780 540 3851 intelligi
554 3797 607 3851 per
621 3782 762 3852 lyptoten,
777 3782 854 3853 quod
869 3782 992 3838 hoeredi-
1043 3779 1073 3835 Si
1088 3783 1185 3835 autem
1198 3780 1350 3847 habeatur,
1366 3779 1515 3847 habitavit,
1527 3781 1567 3836 sic
1577 3782 1705 3854 legetur.
1714 3783 1784 3838 Nisi
1789 3783 1848 3838 ideo

189 3871 280 3924 tatem
295 3885 435 3940 suamper
443 3870 645 3925 tribulationes
656 3870 814 3939 adjuvabit,
824 3875 854 3926 ut
866 3871 932 3944 ipsae
939 3872 991 3927 tri-
1043 3868 1112 3939 quia
1124 3867 1256 3922 Dominus
1264 3868 1370 3940 adjuvit
1383 3885 1424 3923 me
1433 3869 1576 3924 habitasset
1594 3872 1623 3924 in
1636 3872 1750 3941 inferno
1762 3874 1847 3927 onina

190 3957 351 4012 bulationes
365 3958 421 4011 sint
434 3958 474 4012 cis
487 3975 571 4012 causa
584 3957 757 4013 salvationis.
774 3959 841 4014 Dico
858 3961 934 4032 quod
943 3962 994 4015 lto·
1041 3973 1112 4023 trien,
1128 3961 1157 4011 et
1167 3958 1252 4029 paulo
1266 3956 1373 4019 minus,
1389 3955 1420 4011 id
1434 3956 1546 4014 estsere
1558 3958 1714 4015 habitavit.
1725 3960 1847 4016 Senten-

191 4044 330 4098 reditetem
345 4063 422 4099 suom
438 4062 492 4101 rton
521 4046 693 4118 derelinquet,
715 4047 764 4101 sod
792 4046 947 4118 adjuvabit,
964 4053 994 4104 et
1043 4037 1846 4117 theomnestoveremeedJuvistimominaffienim

191 4132 293 4186 tandiu
305 4131 452 4202 adjuvabit
462 4134 631 4206 quoadusque
637 4133 794 4203 justitio,id
804 4136 991 4205 esttlhristus,
1042 4132 1145 4188 humili
1160 4132 1339 4188 contessione
1353 4134 1474 4188 dicebam
1489 4134 1618 4206 :Adiuro
1633 4151 1695 4205 me,
1713 4137 1846 4204 Domine,

192 4220 241 4292 qui
253 4237 305 4290 per
319 4220 480 4292 emphasim
497 4220 601 4276 dicitur
611 4221 735 4292 justitia,
751 4239 785 4277 eo
801 4223 878 4295 quod
901 4224 937 4279 ab
957 4242 992 4281 eo
1043 4221 1110 4293 quia
1122 4228 1207 4275 motus
1219 4228 1256 4275 est
1267 4238 1313 4293 pes
1323 4238 1405 4289 rneue,
1422 4222 1451 4276 id
1463 4225 1505 4278 cst
1517 4222 1632 4279 allectio
1647 4239 1732 4292 mea,
1749 4226 1848 4282 meere

191 4308 288 4364 omnis
298 4309 410 4380 Justitia
426 4310 575 4382 procedat,
591 4316 761 4365 convertetur
776 4327 793 4366 a
812 4311 952 4383 patientia
965 4314 994 4369 iu
1004 4298 1030 4358 D
1042 4308 1133 4364 cordio
1146 4316 1202 4376 tue,
1216 4309 1342 4377 Domine,
1349 4309 1494 4380 adjuvabat
1505 4327 1555 4377 me,
1570 4325 1607 4365 ne
1623 4327 1659 4367 ex
1668 4313 1737 4369 toto
1747 4312 1848 4369 defice·

188 4395 333 4467 judicium.
346 4397 427 4463 Quod
438 4401 481 4453 est
492 4397 586 4454 dicere
601 4398 729 4453 :Tandiu
751 4416 800 4454 eos
815 4417 867 4455 nen
878 4400 991 4471 repellet,
1041 4414 1117 4452 rem.
1127 4397 1211 4462 Quod
1227 4401 1269 4452 est
1283 4397 1397 4453 dicere:
1415 4398 1486 4454 Cum
1502 4399 1538 4453 ab
1549 4398 1647 4471 aliqua
1656 4402 1847 4473 suggestione

192 4485 242 4539 sed
255 4502 307 4557 per
322 4485 522 4542 tribulationes
538 4487 695 4558 adjuvabit,
710 4487 803 4542 donce
819 4487 948 4544 Christus
956 4489 992 4545 ad
1042 4485 1140 4541 illicita
1154 4485 1266 4542 allectio
1281 4502 1348 4541 mea
1362 4489 1594 4543 commoveretur
1614 4490 1645 4544 ct
1664 4488 1847 4563 inquietare·

192 4571 306 4646 iniquos
316 4575 506 4645 judicandum
521 4577 627 4644 veniat,
644 4592 715 4649 quos
730 4576 775 4631 hic
789 4578 934 4647 patienter
949 4594 994 4633 ex·
1043 4577 1099 4644 tur,
1116 4579 1214 4646 elego
1230 4575 1284 4629 hoc
1298 4574 1447 4630 humiliter
1465 4575 1516 4630 tibi
1539 4575 1685 4632 confitens
1711 4579 1847 4635 auxilium

192 4665 311 4733 spectat.
328 4663 390 4718 lion
404 4663 468 4719 ideo
480 4664 519 4718 sic
531 4664 716 4735 determinat,
732 4665 808 4736 quod
824 4669 994 4736 posteasuos
1043 4665 1125 4717 tuum
1136 4663 1255 4717 orabam
1269 4677 1305 4716 ne
1324 4661 1491 4731 deficerem,
1514 4664 1546 4718 lu
1575 4662 1788 4722 misericordia
1801 4671 1846 4722 tua

191 4752 322 4822 repellat,
331 4751 381 4806 sed
392 4752 534 4823 quiaillud
545 4756 657 4808 constat
665 4754 742 4825 quod
754 4756 924 4824 posteasuos
933 4772 993 4812 non
1043 4767 1091 4806 me
1099 4751 1260 4822 adjuvabas.
1269 4750 1304 4804 Et
1314 4750 1381 4822 quia
1389 4768 1447 4807 non
1455 4750 1640 4808 solummodo
1651 4752 1712 4810 hoc
1718 4754 1847 4812 dicebam

192 4841 323 4912 repellet,
334 4856 392 4895 non
404 4844 545 4896 removet.
557 4841 720 4896 llocautom
737 4842 814 4914 quod
826 4841 935 4898 hicnon
949 4861 993 4899 re-
1043 4839 1104 4907 libi,
1117 4839 1166 4894 sed
1177 4838 1265 4894 eliam
1273 4839 1471 4911 multipliciter
1479 4840 1615 4896 dolebam
1624 4840 1661 4896 de
1674 4845 1848 4900 commotio·

186 4929 276 5000 pellet,
293 4929 420 5000 oportuit
431 4945 551 5000 ponere,
567 4929 635 5000 quia
649 4929 695 4984 hic
705 4929 992 5003 videnturpertribu-
1043 4945 1079 4984 ue
1094 4926 1185 4999 pedis,
1200 4927 1343 5000 poenitens
1357 4932 1387 4982 et
1401 4945 1487 4984 orans
1497 4932 1528 4985 ut
1539 4928 1612 4986 mihi
1627 4912 1735 5005 380
1754 4933 1847 4989 illicita

191 5017 314 5073 tationes
328 5016 441 5088 repelli,
457 5021 487 5072 et
512 5016 682 5089 derelinqui.
699 5016 737 5072 Et
758 5020 817 5090 quis
842 5019 897 5075 erit
909 5021 992 5091 jueta
1042 5015 1200 5073 commotio
1215 5016 1264 5071 illa
1278 5015 1484 5085 remitteretur,
1499 5019 1692 5075 eoneolutrones
1702 5023 1847 5080 remissio·

189 5105 265 5160 illurn
277 5104 429 5176 justitiam,
444 5104 473 5160 id
496 5108 539 5159 est
559 5105 622 5178 quis
637 5105 692 5160 erit
717 5106 762 5160 bie
789 5107 946 5163 conlormis
961 5108 991 5164 in
1042 5104 1096 5172 nis,
1107 5120 1195 5177 quam
1208 5104 1375 5176 spiritaliter
1386 5104 1513 5161 intellexi
1524 5105 1595 5161 mihi
1605 5109 1661 5163 ate
1673 5109 1780 5168 datam
1790 5127 1846 5169 ease

189 5194 341 5249 virtutibus
355 5193 395 5248 illi
404 5193 533 5264 justitiae,
543 5197 571 5249 et
582 5193 715 5249 inluturo
728 5195 863 5266 regnabit
876 5212 943 5250 cum
957 5213 992 5252 ea
1041 5209 1093 5267 per
1106 5192 1323 5266 poenitentiam,
1340 5193 1539 5263 letificaverunt
1552 5196 1675 5252 animm
1694 5216 1797 5257 mom.

190 5298 208 5337 a
220 5280 326 5337 dextris
340 5280 455 5337 Patris‘t
467 5281 623 5352 Responsio
636 5299 645 5335 r
659 5282 756 5337 Omnes
766 5282 901 5338 illierunt
909 5284 992 5355 juxta
1076 5281 1292 5338 consolationes
1302 5281 1366 5338 dico
1382 5282 1456 5339 datoe
1463 5283 1846 5356 multiplieiter‚sccundum

188 5369 268 5426 illam
281 5371 401 5441 quisunt
416 5376 485 5424 reete
499 5371 585 5436 corde,
600 5386 659 5426 non
673 5373 847 5443 apparentes
866 5388 918 5443 per
941 5373 991 5445 hy·
1040 5371 1520 5435 multitudinem‚idestadmodum
1532 5374 1848 5446 multiplicitatisdolo·

188 5456 324 5531 pocrisim
332 5457 401 5529 justi
411 5457 594 5514 solummodo
606 5457 636 5514 in
650 5459 732 5516 faeie.
750 5459 831 5515 Unde
854 5476 907 5532 per
921 5476 990 5536 pro·
1039 5477 1105 5518 rum
1116 5460 1289 5518 meorumin
1299 5460 1385 5518 corde
1397 5477 1569 5519 meorevera
1579 5463 1846 5541 adstantiummon

186 5547 308 5622 phetam
322 5546 425 5604 dicitur
438 5563 446 5605 z
459 5569 474 5600 e
491 5546 617 5605 Scindite
626 5549 824 5622 cordavestra,
831 5553 859 5608 et
866 5567 926 5610 nou
935 5567 984 5610 re·
1040 5565 1093 5626 per
1103 5550 1276 5627 hypocrisim
1287 5551 1317 5609 in
1331 5549 1403 5609 facie
1418 5552 1634 5628 apparentium.
1652 5553 1745 5624 Quod
1754 5556 1849 5620 estdi·
