3772 5970
108 257 178 323 'issa
574 249 1161 322 hinosmonnsmuos.-rsu.
1190 256 1291 321 muln
1692 253 1762 328 ‘isus

103 395 215 447 tamem
225 391 428 447 nullumhabel
440 390 638 447 titulumlluic
649 406 755 463 nempe
764 406 911 463 praepone·
923 395 950 454 A
960 406 1025 446 cuni
1040 389 1215 446 intellectum
1231 389 1406 463 pervenitur,
1423 395 1454 448 ut
1469 392 1504 448 de
1519 390 1657 448 creaturis
1668 393 1764 463 singn-

105 498 137 535 re
150 482 263 535 titulum
273 480 672 544 nonfuituecessarium,cum
682 481 911 552 diligentercon-
960 479 994 532 lis
1007 494 1071 550 quan
1083 480 1120 532 sit
1134 494 1233 534 earum
1247 483 1360 547 natura,
1386 483 1415 535 et
1431 480 1499 553 quid
1515 498 1636 554 queque
1655 481 1763 554 signill-

105 569 296 624 siderantibus
307 569 368 640 ejus
376 569 498 624 intentio
510 570 705 637 denotetur,et
714 569 912 641 negotiumex
961 571 1038 635 cent,
1055 571 1084 623 et
1099 567 1134 623 de
1147 568 1291 623 sacrificiis
1306 585 1421 642 quoque
1436 569 1507 641 legis
1519 570 1763 627 veterisetobser-

105 657 272 729 primordiis
280 659 308 711 et
319 674 440 713 numero
451 657 772 713 versuumTotusenim
784 658 911 729 psalmus
960 656 1063 711 ventiis
1075 657 1248 726 carnalibus,
1265 674 1322 729 qua
1336 658 1460 725 ratione,
1476 661 1506 713 et
1517 675 1574 730 quo
1595 659 1731 732 mysterio
1747 677 1765 716 a

105 746 159 800 iste
170 746 245 817 apud
254 744 388 802 Hebraeos
399 763 449 818 per
457 747 911 802 clausulasoctonorumversuum
960 744 1084 801 Domino
1096 746 1251 801 constituta
1264 747 1382 813 luerint,
1398 747 1702 820 intellectusmystieus
1715 749 1765 804 ba·

107 835 242 906 digestas,
258 851 310 907 per
324 834 503 906 singularum
525 836 716 891 clausularum
729 850 835 902 uersus,
852 834 909 890 sin·
960 833 1072 889 beatur.
1086 834 1129 889 Ab
1144 833 1308 906 hujusmodi
1324 839 1421 891 autern
1443 835 1590 891 intellectu
1604 835 1640 891 ad
1656 836 1763 891 theori-

105 924 188 994 gulos
213 923 372 978 secundum
397 923 528 979 ordinem
545 923 690 995 alphabeti
718 923 858 990 hebraici,
881 923 909 978 in
959 936 1034 990 cam,
1050 922 1079 976 id
1094 923 1184 978 estad
1197 923 1765 995 vitamcontemplatiram‚s1tafidelibus

106 1010 248 1083 principio
264 1012 435 1068 eorumdem
448 1028 580 1067 versuum
596 1011 911 1079 conscribiturmtvide·
959 1026 1101 1078 aseensus,
1118 1015 1149 1067 ut
1171 1013 1234 1083 jam
1253 1013 1385 1068 videlieet
1398 1013 1478 1069 omui
1495 1030 1562 1069 cura
1584 1014 1765 1070 saecularium

106 1100 174 1155 lieet
188 1102 253 1154 octo
264 1115 362 1154 versus
388 1099 489 1170 primes
506 1100 637 1155 clausulae
653 1115 754 1154 omnes
771 1098 910 1170 incipiant
959 1098 1103 1154 bonorum
1128 1100 1301 1170 posthabita,
1316 1102 1377 1156 sola
1392 1101 1470 1158 bona
1491 1102 1616 1157 caelestia
1633 1105 1764 1158 contom-

105 1187 411 1260 perAlephlitlcram3
428 1192 492 1243 octo
519 1204 587 1242 vero
614 1188 745 1242 secunda¹
759 1204 810 1259 per
825 1186 908 1252 Belin
959 1187 1089 1259 plentur;
1106 1188 1146 1242 eis
1162 1190 1275 1244 tantum
1303 1190 1396 1244 inesse
1409 1189 1585 1256 desiderent,
1602 1205 1636 1244 ea
1657 1190 1764 1245 solum·

107 1280 171 1331 octo
188 1292 302 1348 quoque
318 1276 410 1332 tertiae
442 1274 624 1347 perGhimel,
652 1280 681 1330 et
705 1275 744 1329 sic
759 1275 911 1330 incaeteris
960 1275 1047 1330 modo
1063 1279 1123 1330 tota
1135 1275 1285 1332 allectione
1302 1277 1514 1349 concupiscant.
1532 1277 1764 1349 Athooricaqui-

105 1365 238 1421 clausulis
252 1381 353 1420 omncs
369 1381 468 1419 earum
492 1364 587 1419 octoni
608 1381 705 1419 versus
718 1379 769 1434 per
785 1364 911 1436 singulas
961 1362 1028 1417 dem
1042 1363 1078 1418 ad
1093 1363 1227 1436 perlectas
1243 1364 1429 1420 beatitudinis
1443 1365 1629 1436 adeptionem
1647 1366 1765 1420 tandem

106 1454 216 1508 litteras
231 1452 359 1507 hebraici
370 1452 516 1524 alphabeti
526 1452 717 1526 perordinem
728 1451 913 1506 habeantini·
961 1455 1027 1521 post
1057 1452 1151 1506 carnis
1170 1453 1377 1508 resolutionem
1407 1455 1561 1526 attingere.
1576 1453 1654 1508 Licet
1668 1457 1766 1521 autem

107 1542 190 1596 tium.
206 1540 359 1608 Caeterum,
384 1540 521 1612 quoniam
546 1541 601 1596 hoc
616 1540 717 1595 Latina
731 1539 836 1595 locutio
852 1557 910 1595 non
960 1538 1058 1595 idiotae
1068 1539 1184 1611 plurimi
1196 1556 1248 1613 per
1262 1542 1353 1596 solam
1363 1542 1642 1609 moralitatem,sine
1652 1541 1768 1614 physica

107 1629 225 1700 patitur,
241 1629 415 1683 ntvidelicct
429 1629 526 1684 octoni
541 1628 913 1700 versussingularumclau·
962 1627 1082 1699 mystico
1098 1628 1256 1698 intellectu,
1271 1629 1367 1684 etsine
1381 1629 1511 1684 theorica
1520 1631 1680 1698 salientum
1703 1632 1766 1684 nul-

107 1718 233 1773 sularnm
244 1717 402 1771 secundum
412 1716 712 1773 ordinemlitterarum
722 1716 814 1771 Latini
826 1717 912 1787 alpha
924 1727 950 1786 Β
962 1715 1004 1769 lus
1033 1719 1131 1770 tumen
1148 1716 1254 1788 absque
1279 1717 1323 1771 his
1339 1717 1449 1774 duobus
1465 1733 1656 1791 uquequaque
1672 1719 1766 1788 perlo-

107 1806 167 1861 beti
182 1805 340 1877 incipiant;
368 1822 425 1860 non
451 1805 530 1859 enim
551 1805 652 1876 primae
668 1807 799 1860 clausulae
815 1821 911 1860 versus
948 1807 1023 1871 ,ctus
1040 1803 1193 1859 invenitur.
1210 1806 1257 1859 Est
1271 1809 1369 1860 autem
1382 1806 1467 1877 hujus
1485 1806 1587 1880 psalmi
1601 1805 1766 1878 principalis

108 1896 184 1961 octo,
201 1909 302 1948 omnes
316 1909 368 1965 per
381 1911 397 1947 o
411 1896 529 1964 possunt
548 1893 690 1963 incipere;
708 1909 761 1948 nec
775 1892 908 1948 secundae
962 1892 1096 1959 intentio,
1112 1894 1142 1946 ut
1156 1892 1287 1964 perlecti,
1302 1910 1426 1966 quorum
1437 1894 1483 1949 hic
1499 1911 1551 1949 vox
1567 1898 1619 1962 cst,
1637 1895 1766 1949 minores

107 1983 239 2037 clausulae
255 1999 352 2036 versus
363 1984 427 2036 octo
450 1998 501 2054 ρετ
515 1982 539 2047 b,
557 1986 585 2037 et
596 1982 624 2036 in
641 1982 751 2037 caeteris
766 1983 907 2048 similiter,
960 1979 1103 2035 instruant
1114 1998 1166 2052 per·
1182 1981 1377 2036 moralitatem
1391 1982 1425 2037 ad
1444 1999 1541 2037 veram
1555 1982 1767 2038 beatitudinem

106 2071 174 2143 quia
188 2087 245 2126 uon
257 2072 344 2126 habet
354 2071 491 2125 Latinitas
507 2086 587 2125 voces
605 2087 746 2143 congruas
757 2071 792 2125 ad
804 2072 909 2125 hocse-
959 2068 1124 2124 ascendere.

106 2160 233 2213 cundum
248 2158 519 2231 interpretationem
532 2175 633 2214 vocum
651 2160 865 2227 hebraicarum,
880 2159 909 2213 in
996 2157 1031 2211 Et
1049 2156 1188 2228 quoniam
1202 2157 1281 2229 prius
1296 2158 1333 2214 ad
1347 2158 1520 2214 moralitatis
1534 2158 1765 2228 instructionem,

106 2247 248 2320 principio
264 2264 397 2303 versuum
417 2248 503 2319 hujus
523 2249 626 2320 psalmi
641 2249 811 2319 positarum,
834 2248 911 2321 apud
962 2243 1768 2321 dehiucadbeatitudinemtotaprincipaliterhujuspsel-

108 2335 224 2390 Latinos
239 2339 306 2390 ante
321 2336 448 2408 singulas
462 2337 602 2391 clausulas
616 2336 735 2392 nemius
748 2335 910 2391 litterarum
961 2331 1001 2386 mi
1019 2336 1128 2404 spectet
1140 2333 1402 2402 intentio,denotat
1410 2335 1555 2408 alphabeti
1571 2337 1701 2392 Hebraici
1714 2351 1767 2408 per

107 2423 238 2478 llebraici
252 2424 396 2495 alphabeti
412 2424 571 2479 secundum
589 2424 721 2480 ordinem
736 2424 909 2491 scribuntur,
962 2421 1088 2493 singulas
1102 2423 1243 2478 clausulas
1264 2423 1396 2495 digestio,
1422 2440 1475 2479 nec
1491 2424 1519 2478 id
1534 2425 1652 2497 quidem
1664 2425 1765 2482 incon·

109 2509 351 2565 utvidelieetantc
360 2512 515 2566 clausulam
524 2512 647 2584 primam
658 2511 910 2584 scribatur,Alepb,
962 2525 1044 2579 grue.
1062 2510 1132 2564 Nam
1144 2510 1215 2565 sicut
1223 2511 1368 2584 alphabeti
1379 2512 1510 2567 doctrina
1525 2513 1620 2585 pueris
1630 2517 1674 2569 est
1687 2515 1766 2569 rudi·

108 2615 172 2669 quae
186 2614 237 2653 vox
250 2615 356 2654 nomen
369 2599 629 2670 estprimaetitterae
636 2601 834 2664 Hebraeorum,
844 2605 911 2656 ante
963 2601 1106 2666 mentum,
1123 2602 1151 2653 et
1163 2599 1248 2654 totius
1263 2600 1402 2655 doctrina
1416 2601 1546 2657 litteralis
1555 2602 1716 2671 exordium,
1726 2602 1767 2659 ita

106 2686 264 2741 sectandum
275 2686 489 2761 veroBctlnqnoe
501 2692 657 2743 nomenest
667 2689 770 2744 littere
779 2690 912 2746 secundm
962 2703 1076 2759 quoquc
1090 2687 1209 2742 moralis
1223 2688 1371 2743 instructio
1395 2688 1491 2744 idiotis
1504 2693 1548 2744 est
1561 2690 1597 2745 ad
1612 2691 1766 2746 beatitudi-

109 2778 139 2829 et
152 2774 191 2829 sic
206 2779 272 2829 ante
286 2778 403 2830 caeteras
419 2777 557 2831 clausulas
569 2780 739 2831 caeterarum
751 2778 912 2833 litterarum
962 2791 1030 2828 ncm
1052 2775 1185 2830 veniendi
1210 2775 1291 2847 quasi
1320 2775 1467 2849 quoddam
1498 2776 1768 2834 tundamentumet

108 2861 312 2918 Hebraicarum
330 2864 449 2918 nomina
465 2879 517 2934 per
532 2863 663 2919 ordinem
675 2865 912 2920 scribantur.Non
963 2862 1147 2936 principium.
1168 2863 1321 2934 Negotium
1338 2867 1436 2918 autem
1446 2866 1489 2918 est
1504 2865 1568 2934 hoc,
1583 2866 1660 2938 quod
1673 2867 1709 2922 de
1722 2867 1767 2922 his

106 2949 173 3005 ideo
189 2953 287 3006 tamen
302 2954 332 3006 ut
347 2967 428 3007 voces
444 2952 503 3007 istae
518 2953 622 3007 harum
648 2953 838 3007 clausularum
856 2953 913 3007 sint
964 2967 1027 3023 quae
1054 2952 1090 3007 ad
1120 2953 1314 3007 moralitatem
1342 2953 1595 3008 etbeatitudinem
1619 2955 1768 3026 pertinent

107 3038 195 3106 tituli,
208 3039 259 3094 sed
271 3043 301 3094 ut
311 3039 394 3095 nobis
407 3039 522 3112 signum
537 3041 603 3108 sint,
619 3044 760 3113 quatenus
769 3041 844 3113 apud
859 3041 911 3096 He·
927 3010 1182 3095 Cmultiformiter
1197 3042 1298 3112 agunt,
1313 3041 1344 3094 ut
1354 3041 1505 3110 apparebit
1522 3039 1627 3114 inipso
1641 3045 1763 3114 psalmo.

109 3126 203 3183 braeos
218 3127 398 3197 singularum
415 3130 606 3184 clausularum
621 3145 717 3184 uersus
735 3131 830 3186 octoni
841 3147 912 3186 asu·
963 3126 1046 3182 Aliud
1061 3127 1200 3182 nimirum
1225 3131 1269 3183 est
1282 3126 1317 3183 de
1342 3126 1387 3182 his
1406 3144 1502 3199 agere,
1517 3129 1594 3184 aliud
1619 3134 1715 3186 autem
1729 3133 1767 3188 ad

108 3214 246 3287 predictis
260 3215 400 3288 incipiant
411 3217 562 3272 littoris.ln
574 3217 628 3272 hoe
641 3221 738 3272 autom
752 3218 911 3285 octonario,
963 3215 1165 3271 instruendum
1181 3231 1232 3287 per
1246 3217 1300 3271 boc
1315 3216 1459 3271 auditores
1473 3217 1634 3274 intendere.
1656 3219 1727 3283 Ouia
1742 3222 1765 3279 si

109 3319 232 3357 numero
248 3319 391 3370 versuum,
418 3307 447 3359 et
471 3305 500 3358 in
525 3305 744 3377 prescriptione
761 3306 847 3361 totius
863 3308 914 3361 lle-
964 3304 1099 3376 quedam
1112 3305 1197 3376 hujus
1210 3305 1312 3376 psalmi
1329 3306 1364 3361 ad
1380 3305 1539 3377 physicam,
1552 3308 1685 3379 quaedam
1697 3325 1764 3364 vero

105 3391 194 3446 brnici
211 3392 366 3464 alphabeti,
382 3394 484 3466 psalmi
499 3395 585 3449 totius
596 3395 868 3463 intentioinnuitur,
885 3399 914 3450 ot
963 3394 1109 3464 pertinere
1122 3394 1277 3449 videantur
1291 3394 1327 3449 ad
1341 3394 1511 3464 theoricam,
1528 3399 1589 3452 tota
1607 3401 1717 3465 umen,
1734 3403 1766 3454 ut

107 3481 269 3551 negotium.
959 3481 1021 3551 jam
1039 3481 1171 3550 diximus,
1187 3483 1310 3538 intentio
1323 3483 1488 3554 principalis
1502 3488 1531 3539 et
1543 3486 1692 3558 negotium
1705 3503 1768 3559 spe-

141 3570 171 3623 ln
186 3569 240 3624 hoc
256 3573 366 3642 psalmo
380 3570 536 3626 intendunt
547 3570 645 3626 fidelos
656 3572 912 3645 perfecti,quorum
964 3573 1022 3625 ctat
1036 3570 1073 3625 ad
1087 3570 1222 3625 ethicam.
1242 3571 1311 3626 Cum
1326 3570 1414 3643 igitur
1425 3572 1486 3626 huc
1499 3574 1766 3629 communisinten·

104 3657 151 3713 hic
166 3674 217 3712 vor
241 3663 293 3727 ost,
311 3659 452 3713 instruere
476 3659 614 3726 minores,
632 3660 756 3730 qualiter
770 3661 805 3715 ad
821 3661 911 3716 beati·
963 3658 1003 3713 lio
1034 3675 1087 3731 per
1101 3661 1195 3715 totum
1221 3660 1365 3731 psalmum
1381 3660 1530 3727 habeatur,
1547 3659 1576 3714 in
1593 3678 1766 3736 unaquaque

105 3746 238 3801 tudinem
254 3764 351 3802 veram
367 3747 478 3819 possint
492 3747 645 3818 attingere.
662 3747 729 3812 Quae
746 3749 914 3821 idcircoper
963 3748 1089 3801 clausula
1104 3747 1297 3818 aliquomodo
1316 3763 1376 3802 esse
1390 3748 1642 3818 privataintentio,·
1658 3751 1701 3804 rel
1717 3768 1766 3805 ne-

106 3851 260 3889 numerum
278 3836 457 3891 octonarium
475 3835 656 3907 intelligitur,
672 3837 740 3908 quia
767 3838 796 3891 in
813 3842 912 3893 octava
962 3835 1072 3906 gotium
1085 3852 1137 3908 per
1152 3835 1404 3906 interpretationes
1415 3837 1592 3908 singularum
1602 3836 1765 3895 litterarum

106 3922 163 3990 die,
175 3923 281 3978 scilicet
293 3924 322 3978 in
337 3923 502 3995 diejndicii,
514 3940 577 3995 quae
590 3925 910 3996 sequiturpostseptem
961 3921 1164 3978 hebraicarum
1187 3939 1250 3994 quas
1276 3923 1449 3994 praescriptae
1478 3927 1545 3978 sunt
1563 3926 1764 3997 perpenditur,

106 4009 167 4065 dies
180 4011 265 4083 liujus
280 4013 343 4067 vitia
359 4011 500 4066 salvandis
516 4011 640 4067 dabitur.
663 4014 716 4067 Per
730 4011 911 4070 octonarium
962 4011 1077 4082 quodin
1089 4012 1764 4087 11naqusquoctousulaperordinemexponetur

107 4115 384 4170 qnoquenumerum
394 4100 912 4174 octogenerabeatitudinisaccipiun·
961 4100 995 4154 Et
1010 4100 1103 4171 primo
1119 4099 1234 4172 quidem
1246 4100 1281 4155 de
1297 4099 1392 4172 prima
1407 4101 1533 4157 clausula
1545 4103 1691 4173 agendum
1708 4109 1761 4173 est,

108 4190 166 4248 tur,
193 4205 256 4258 qum
273 4190 404 4244 lldclibus
418 4207 435 4245 a
449 4192 507 4246 Deo
523 4190 639 4258 dantur,
655 4190 691 4245 de
704 4190 807 4263 quibus
819 4191 910 4262 adipi·
960 4187 1003 4242 oui
1018 4187 1181 4243 inscribitur
1194 4187 1380 4261 inprincipio
1391 4188 1488 4260 Aleph,
1502 4205 1565 4261 quae
1581 4190 1701 4246 doctrina
1717 4193 1761 4248 in-

109 4274 221 4327 scendis
234 4275 263 4329 iu
278 4276 332 4329 hoc
347 4278 457 4348 psalmo
472 4278 621 4333 instructio
636 4277 819 4348 continetur;
835 4296 909 4351 quan,
922 4298 948 4358 J,
959 4277 1227 4349 terpretatorem
1240 4280 1337 4332 antem
1353 4281 1430 4333 totus
1443 4280 1570 4349 psalmus
1585 4280 1637 4334 iste
1652 4285 1761 4352 spectet

108 4363 173 4418 lieet
188 4366 252 4418 octo
268 4364 335 4431 sint,
359 4368 390 4418 ut
406 4365 434 4418 in
451 4366 603 4436 Erarrgelio
620 4367 759 4422 Dominus
774 4369 909 4438 ostendit,
959 4365 1123 4421 admoram
1137 4369 1167 4422 et
1181 4366 1368 4429 beatitudinis
1391 4366 1564 4434 doctrinam,
1581 4369 1613 4420 ut
1632 4369 1761 4439 superius

106 4469 172 4507 eum
189 4452 271 4507 dicit:
289 4475 302 4501 α
318 4452 395 4507 Beati
404 4469 545 4525 pauperes
558 4453 668 4525 spiritu.
686 4453 795 4525 (Multi.
812 4472 839 4523 v,
854 4457 909 4527 3)‚»
959 4457 1001 4508 est
1016 4457 1175 4517 ostensum,
1188 4455 1279 4525 quaeri
1290 4456 1385 4525 potest
1399 4470 1450 4507 cur
1465 4455 1560 4524 potius
1575 4454 1641 4513 huie
1656 4457 1758 4527 prime

106 4544 172 4607 otc,
190 4545 287 4596 tamen
304 4556 406 4596 omnes
426 4540 555 4596 aelidem
577 4544 717 4612 spectant.
744 4543 806 4596 Una
830 4544 909 4598 enim
958 4542 1090 4596 clausulae
1104 4541 1190 4612 Atepb
1202 4541 1760 4619 inscribatur,quascloctrinointerpreta-

107 4630 254 4685 beatitudo
271 4633 453 4685 sirntomnes
474 4629 544 4684 istae.
566 4630 602 4684 Ut
626 4630 778 4700 igiturhas
807 4647 909 4687 omnes
956 4629 1029 4683 tur‘t
1052 4628 1093 4683 Ad
1112 4629 1190 4701 quod
1218 4629 1462 4699 sieropondetur:
1481 4628 1757 4694 Quiaideireohuic

106 4717 142 4771 ad
156 4718 232 4773 idem
261 4723 388 4789 spectare
405 4717 602 4790 designentur,
619 4720 715 4774 octoni
731 4719 836 4792 quique
850 4720 908 4775 sin·
957 4715 1089 4770 clausulas
1105 4716 1200 4771 littera
1213 4715 1276 4770 talis
1292 4715 1455 4771 inscribitur
1468 4720 1498 4772 ut
1513 4734 1564 4789 per
1586 4719 1639 4775 hoc
1655 4721 1759 4777 innua-

106 4807 240 4878 gularum
268 4808 460 4863 clausularum
489 4824 586 4862 sersus
612 4808 648 4863 ab
677 4808 779 4863 eadem
812 4809 908 4864 littera
957 4807 1004 4859 tur
1026 4805 1163 4877 quoniam
1183 4805 1244 4860 hose
1263 4806 1388 4861 clausula
1415 4806 1510 4878 prima
1542 4810 1584 4862 est
1611 4810 1758 4880 quoddam

105 4894 277 4967 principium
302 4896 408 4951 babere
428 4896 570 4952 videntur.
600 4895 671 4950 Cum
701 4896 737 4951 sit
764 4895 851 4967 igitur
877 4896 906 4951 in
957 4895 1083 4962 scheme,
1095 4894 1175 4950 idest
1189 4894 1526 4969 brevisnarratio,inqua
1537 4896 1760 4954 brevitcrconti·

105 4982 160 5038 hoc
194 4985 303 5054 psalmo
339 4983 460 5038 intentio
490 4983 631 5038 instruere
663 4981 790 5038 minores
808 4968 907 5056 469
957 4986 1043 5038 netur
1060 4998 1184 5051 summa,
1201 4983 1277 5039 unde
1295 4983 1323 5038 in
1340 4984 1475 5039 omnibus
1488 4986 1759 5056 sequentibuscluu·

106 5070 142 5127 ad
156 5071 365 5126 beatitudinem
392 5071 605 5142 attingendam,
620 5074 697 5127 totus
712 5072 748 5127 ad
764 5073 819 5129 hoe
834 5090 907 5145 prae·
957 5073 1025 5128 sulis
1040 5071 1076 5127 sit
1089 5075 1212 5128 aetums.
1221 5073 1252 5127 ln
1267 5073 1405 5128 badenim
1418 5073 1545 5128 clausula
1560 5075 1637 5146 quod
1652 5076 1758 5136 demo·

106 5159 188 5231 cipue
204 5161 313 5230 spectat
329 5162 360 5213 ut
374 5175 424 5214 eos
446 5158 482 5212 ad
504 5159 558 5213 hoc
581 5160 771 5216 obtinendum
787 5162 909 5217 instruat
957 5177 1024 5216 rum
1048 5164 1076 5217 et
1089 5161 1274 5217 beatitudinis
1290 5162 1422 5217 doctrina
1438 5178 1489 5234 per
1505 5163 1599 5218 totum
1615 5166 1760 5236 psalmum

104 5263 157 5322 ρετ
183 5246 399 5314 moralitatem3
426 5264 490 5318 quae
503 5246 642 5303 nimirum
658 5247 805 5304 moralitas
825 5250 909 5306 bonce
958 5249 1133 5318 sitacturus,
1161 5267 1224 5321 quae
1252 5249 1627 5308 antonomasticedoctrina
1645 5254 1760 5332 dicitur,

105 5337 169 5392 vitae
182 5338 225 5390 est
237 5334 351 5389 initium
376 5339 405 5390 et
419 5334 500 5406 quasi
515 5335 748 5391 fundamentum.
764 5337 796 5390 ln
809 5338 910 5408 primis
957 5336 1084 5394 breviter
1097 5338 1191 5392 innuit
1204 5354 1268 5392 cum
1283 5337 1322 5392 sie
1335 5336 1469 5410 exponit:

105 5424 185 5481 enim
201 5423 348 5480 moralitas
364 5422 522 5477 necessario
538 5422 669 5491 habetur,
683 5423 809 5498 sineque
822 5441 908 5485 nomo
993 5426 1073 5482 Beati
1085 5426 1254 5481 iinmocutati
1267 5429 1295 5480 in
1308 5429 1361 5496 oio,
1375 5429 1423 5500 qui
1436 5425 1577 5487 ulutatent
1599 5433 1627 5484 in
1643 5431 1697 5504 tege
1714 5431 1773 5492 Do.

104 5515 266 5580 salvatura
276 5511 440 5570 moralitate
456 5527 523 5569 vero
536 5512 794 5589 perphysicum,ud
807 5515 907 5592 mysti·
958 5515 1041 5588 mini,-
1055 5531 1087 5576 ae
1102 5515 1124 5573 si
1139 5514 1234 5575 dicat:
1253 5513 1399 5590 Olldeles,
1419 5515 1503 5574 multi
1520 5521 1640 5577 terrena
1652 5521 1785 5618 εερίετρδι

357 5612 475 5671 Parnon.
491 5609 569 5672 cut
1592 5618 1631 5688 qq
