3772 5970
177 277 246 342 {033
478 263 509 332 S.
528 267 701 330 bannonis
721 263 1037 327 clarnosmnoault
1057 261 1290 324 lnsrlrtnolns
1310 261 1388 322 ΟΡΡ.
1408 261 1528 323 PARS!
1771 260 1837 324 luat

175 399 340 468 existentes,
352 392 400 472 qui
415 393 442 452 ei
452 393 684 467 subjicimalunl,
701 394 730 447 el
741 389 768 445 iu
780 388 903 445 Ecclesia
913 404 976 461 per·
992 387 1086 449 Aest:
1100 388 1130 442 et
1142 401 1194 458 per
1206 383 1385 441 ablutionem
1397 386 1426 442 et
1435 383 1523 440 lldem
1531 379 1669 458 baptismi
1684 382 1838 442 ducitsuos

176 507 295 548 manere
313 486 575 562 prasiguabautur.
595 482 749 538 terohoam
759 496 828 535 saue
852 479 911 551 qui,
927 495 974 533 re·
1028 474 1063 528 ad
1077 472 1357 529 terramvivcntium.
1369 473 1409 528 Ne
1421 488 1488 529 vcro
1499 473 1542 529 sui
1551 476 1617 546 post
1627 473 1841 548 baptismigra·

174 581 242 636 licta
266 577 454 641 Hierusalem,
480 573 509 627 in
533 571 654 643 regione
670 574 767 624 extera
783 566 835 621 sibi
851 578 974 635 reguum
1026 562 1098 617 tiam
1114 563 1150 616 ab
1166 562 1248 633 aquis
1262 562 1500 632 submergantur,
1514 560 1543 616 id
1559 565 1601 616 est
1616 579 1653 617 ue
1666 581 1685 618 a
1702 563 1838 618 fluctibus

119 698 122 703 >
174 668 295 742 pararit,
304 666 435 720 diabolus
444 677 572 733 congrue
582 659 722 730 figuratus
735 659 776 710 cst
790 653 866 726 :qui,
879 652 976 706 Hieru-
1026 653 1169 706 malarum
1184 651 1480 722 concupiscentiarum
1498 651 1535 706 ad
1548 652 1732 723 operationis
1745 668 1838 723 prave

174 757 264 811 salem
288 752 406 807 caelestis
417 747 561 805 consortio
575 763 626 819 per
641 743 805 815 superbiam
822 740 931 804 relicto,
945 739 975 792 iu
1026 745 1152 796 mortem
1167 740 1317 806 ducantur,
1331 741 1426 794 statuit
1441 757 1524 811 aquus·
1534 743 1612 812 quusi
1626 742 1655 794 in
1671 740 1783 808 utre,id
1798 744 1838 797 est

173 842 338 900 infidelibus
353 840 388 893 ab
400 838 502 895 eadem
513 835 690 890 Hierusalem
705 831 819 904 penitus
834 827 975 883 extraneis
1025 830 1153 885 refrenat
1172 829 1248 900 ipsos
1256 827 1554 901 concupiscentiarum
1568 829 1673 884 fluctus
1682 830 1838 902 percarnis

174 948 297 1002 regnum
312 945 363 1000 per
379 925 582 981 infidelitatem
599 923 652 978 sibi
668 920 788 993 pararit.
807 921 860 972 Per
873 917 974 971 decem
1026 917 1292 983 mortificationem,
1310 934 1346 972 ne
1360 918 1545 989 praevaleant.
1563 918 1633 981 Quae
1647 917 1836 974 mortificatio

174 1037 241 1076 vero
252 1019 417 1088 tribusque
427 1015 526 1070 relicta
539 1012 716 1066 Hierusalem
728 1009 893 1063 ctHoboam
907 1022 975 1077 rege
1025 1023 1076 1078 per
1090 1009 1184 1060 utrem
1194 1023 1321 1077 congrue
1336 1006 1487 1077 liguratur,
1504 1023 1538 1062 eo
1554 1006 1752 1078 quodulerex
1762 1007 1837 1079 pelli·

174 1097 976 1177 suoteroboamregipcrssdoadhascrnntdnerelicipor-
1025 1094 1078 1149 hus
1097 1098 1281 1150 mortuorum
1297 1095 1470 1152 animalium
1494 1095 1535 1149 tlt.
1553 1094 1638 1158 Quod
1651 1100 1700 1151 est
1721 1096 1834 1152 dicere:

173 1197 379 1264 tendebantur,
405 1194 453 1266 qui
477 1191 588 1247 Christo
606 1206 676 1261 rege
692 1205 758 1242 vcro
775 1191 803 1242 ct
823 1189 933 1252 sancto,
947 1187 977 1241 et
1025 1182 1104 1237 Facit
1116 1200 1181 1238 suos
1197 1200 1423 1239 carnemeorum
1433 1183 1553 1255 jejuniis
1563 1183 1663 1239 ctaliis
1672 1183 1836 1242 afflictioni·

173 1282 458 1342 Ecclesiaeconsortio
470 1274 973 1350 contempto,diabolosubjiciuntur.
1026 1271 1078 1325 bus
1092 1270 1282 1327 mortificare:
1298 1275 1327 1326 et
1340 1289 1392 1344 per
1407 1272 1460 1327 hoc
1473 1271 1833 1342 concupiscentiaseorum

173 1374 309 1446 Sequitur
328 1372 384 1427 alia
408 1368 546 1443 parabola
560 1382 625 1421 cum
642 1364 718 1419 dicit.
738 1362 836 1417 Conon
852 1360 976 1432 putribus
1026 1359 1165 1426 refrenat,
1190 1360 1363 1415 recaleant
1382 1359 1424 1414 eis
1442 1360 1609 1432 praevalere.
1628 1361 1786 1433 Sequitur:
1799 1361 1835 1417 Iit

173 1480 262 1519 corarnr
276 1462 341 1530 [ecit
361 1456 499 1512 nn‘rntiliu
521 1457 548 1508 in
562 1461 631 1507 terro
644 1453 767 1523 AEqppti
776 1454 804 1505 in
815 1466 906 1520 conrpo
920 1449 974 1503 Ta·
1025 1448 1116 1501 eduxit
1131 1465 1173 1503 eos·
1183 1451 1210 1501 in
1225 1449 1293 1503 nube
1307 1448 1369 1502 dici.
1389 1447 1503 1503 Scilicet
1514 1452 1673 1520 postquam
1692 1466 1777 1505 mare
1787 1449 1833 1504 tilii

172 1567 245 1617 neos,
262 1550 299 1603 ad
321 1548 449 1603 litteram
469 1543 643 1616 utsuperius
673 1541 861 1596 ostendimus.
879 1539 924 1593 Sic
948 1540 977 1592 et
1025 1540 1112 1593 lsrael
1127 1539 1315 1608 transierunt,
1336 1538 1668 1611 emariegressosdurit
1679 1541 1833 1613 perdeser-

172 1640 248 1695 Deus
263 1636 332 1692 lacit
345 1636 374 1690 in
388 1633 513 1689 Ecclesia
526 1630 680 1697 mirabilia,
696 1629 765 1684 dum
794 1628 925 1682 infideles
939 1625 976 1680 ad
1026 1629 1089 1681 tum
1104 1627 1133 1682 in
1148 1628 1223 1682 ιιιὼο
1238 1645 1290 1700 pcr
1305 1627 1395 1695 diem,
1410 1627 1439 1681 id
1448 1631 1491 1682 est
1498 1627 1708 1700 subnubequae
1717 1627 1833 1685 eisesset

172 1727 249 1782 viam
262 1724 328 1779 fidei
341 1722 461 1788 reducit,
479 1724 508 1776 et
526 1720 582 1775 alia
595 1716 820 1774 innumerabilia
829 1718 975 1787 operatur.
989 1707 1015 1765 B
1027 1715 1211 1788 refrigerium
1227 1717 1263 1771 ab
1276 1720 1346 1771 testu
1357 1715 1413 1771 dici
1422 1715 1519 1786 {Erod
1530 1733 1588 1784 ιιιι,
1601 1720 1658 1788 Ἡ).
1676 1714 1718 1770 Et
1728 1724 1833 1773 totnan-

171 1817 208 1872 Ht
222 1815 283 1868 hnc
297 1811 441 1867 mirabilia
453 1809 521 1864 licet
536 1809 571 1863 ab
587 1807 684 1862 idiotis
698 1806 977 1878 ignorentur‚cornm
1027 1811 1066 1858 cte
1079 1803 1160 1859 duxit
1170 1807 1197 1858 in
1214 1805 1408 1859 illuminatione
1418 1807 1497 1876 ignia
1512 1804 1674 1860 scilicetne
1692 1805 1723 1861 in
1746 1807 1834 1861 noctis

169 1902 294 1977 putribus
309 1903 408 1954 tanum
425 1901 501 1964 suut,
519 1897 549 1951 id
573 1898 616 1950 est
631 1894 785 1950 manifesta
801 1892 932 1947 fidelibus
947 1891 977 1945 iu
1028 1890 1201 1947 obscuritate
1211 1892 1385 1948 offendicula
1394 1895 1574 1966 paterentur,
1591 1893 1832 1949 eisilluminatio·

174 1981 897 2060 Ecclesiaprrelatisquipaternaaiiectionepopulo
906 1996 980 2051 prte-
1028 1996 1095 2034 uem
1112 1979 1205 2052 igueae
1222 1980 1364 2036 columnae
1379 1981 1568 2054 precedentis
1589 1981 1682 2037 dedit.
1696 1981 1834 2038 Similiter

174 2079 278 2136 sident.
295 2079 328 2133 Et
335 2077 396 2131 haec
412 2074 557 2129 mirabilia
567 2072 635 2128 lacit
645 2072 734 2126 inhac
744 2073 821 2125 terra
832 2068 977 2141 presenti,
1029 2085 1144 2140 quoque
1155 2072 1357 2141 suoslleusper
1366 2070 1440 2125 hauc
1452 2071 1552 2137 vitam,
1564 2088 1629 2141 qua.
1639 2071 1834 2146 adcompara·

175 2186 240 2241 quae
251 2170 381 2221 estterra
393 2163 569 2219 afflictionis.
583 2163 721 2232 AEgyptus
737 2159 844 2231 quippe
859 2156 978 2212 afflictio
1029 2157 1836 2229 tionemvituaeteruaedesertumdicitur,incedeutesuu-

175 2257 399 2329 interpretatur.
425 2252 459 2307 Et
474 2253 501 2304 in
513 2267 605 2322 caiirpo
623 2250 725 2303 Teneor
743 2247 820 2313 iacit,
847 2245 877 2301 id
894 2248 936 2299 est
948 2244 978 2300 in
1027 2246 1835 2321 beadiereirigerat,idestprotectiouehumanitatissuae

178 2343 299 2417 planitie
314 2340 433 2397 humilis
460 2338 601 2405 mandati,
613 2337 729 2403 scilicet,
746 2336 807 2390 haec
821 2333 976 2390 miracula:
1029 2354 1093 2408 quie
1102 2337 1201 2391 salutis
1215 2340 1320 2393 nostrae
1333 2354 1419 2393 causa
1432 2341 1476 2394 est
1493 2356 1511 2394 a
1525 2340 1666 2397 vitiorum
1686 2345 1762 2398 aestu
1776 2344 1805 2398 et
1819 2359 1834 2398 a

176 2432 256 2504 quod
271 2430 401 2485 infideles
416 2428 453 2483 ad
468 2427 556 2480 iidem
573 2430 664 2491 vocat,
680 2424 749 2479 lacit
763 2440 815 2495 per
825 2424 980 2494 planamct
1029 2425 1227 2496 prosperitatis
1234 2425 1343 2481 fervida
1352 2427 1476 2482 clatione
1487 2427 1651 2499 refrigerat.
1668 2431 1835 2502 lnterpeHat

175 2517 388 2590 intelligibilem
403 2515 567 2571 doctrinam
583 2512 806 2586 praedicatorum
819 2511 849 2565 in
862 2511 978 2565 humili·
1029 2512 1107 2566 cuim
1122 2513 1230 2585 jugiter
1244 2530 1296 2583 pro
1312 2513 1443 2570 fidelihus
1456 2516 1532 2586 apud
1544 2518 1661 2572 Patrem
1673 2516 1780 2573 chtisti
1788 2518 1833 2572 hu·

176 2611 238 2663 tate
253 2607 368 2674 iacmm,
381 2622 445 2678 quae
456 2620 515 2658 uon
524 2601 831 2675 gravisestetobscora
842 2603 872 2654 ut
882 2599 979 2654 lexve·
1030 2601 1165 2670 manitas,
1186 2618 1222 2656 ne
1237 2602 1334 2674 aliquo
1347 2606 1419 2659 oestu
1434 2603 1535 2660 nocivo
1551 2608 1726 2661 exaestuent.
1755 2607 1833 2661 luxu

173 2699 230 2753 tus.
241 2696 322 2751 Unde
333 2709 461 2765 congrue
471 2709 523 2764 per
533 2707 671 2763 campum
678 2687 976 2758 Taneosintelligitur.
1029 2688 1099 2744 illud
1113 2691 1255 2762 Apostoli:
1272 2714 1286 2740 ιι
1300 2691 1427 2746 Christus
1440 2693 1520 2747 iesus
1532 2693 1580 2765 qui
1595 2694 1831 2768 etiamiuterpel-

174 2786 299 2856 Campus
309 2783 387 2838 enim
398 2784 570 2855 planaterra
582 2784 633 2834 est.
642 2778 889 2851 TapHnislTbunis]
910 2794 977 2832 vero
1028 2779 1069 2833 lat
1077 2795 1128 2849 pro
1139 2779 1221 2834 nobis
1230 2779 1319 2851 (Rern.
1329 2797 1358 2848 n,
1374 2780 1428 2853 34).
1441 2803 1455 2830 ιι
1468 2781 1599 2853 Congrue
1608 2783 1830 2842 nimirumClrri-

173 2875 272 2930 brincitc
287 2872 444 2927 inundatum
459 2872 677 2942 interpretatur.
1028 2867 1062 2921 sti
1079 2867 1244 2922 humanitas
1259 2867 1350 2922 nubes
1365 2868 1479 2932 dicitur,
1493 2871 1560 2941 quia
1579 2888 1646 2927 suos
1663 2889 1681 2927 a
1697 2873 1832 2929 vitiorum

211 2962 346 3035 Sequitur
358 2961 413 3016 alia
426 2960 732 3034 parabola.Poslquam
744 2956 851 3027 egressi
865 2955 932 3010 sunt
943 2953 978 3009 de
993 2959 1099 3046 Caestu
1113 2955 1350 3027 refrigeratsicut
1360 2957 1699 3016 nubeobumbroturdiei
1709 2963 1831 3019 claritas

172 3054 306 3125 AEgypto,
319 3051 460 3120 interrupit
472 3051 546 3103 [leus
557 3063 632 3103 mure
643 3063 694 3118 pre
707 3046 757 3112 eis,
766 3050 794 3099 et
808 3046 978 3116 persiccum
1028 3043 1066 3097 Et
1076 3052 1128 3098 totu
1146 3052 1220 3099 nocte
1237 3044 1318 3099 duxit
1327 3049 1413 3100 cosin
1428 3046 1624 3103 illuminatione
1631 3052 1715 3119 ignis,
1728 3053 1833 3108 scilieet

173 3143 250 3196 ducit
267 3157 308 3194 eos
325 3156 331 3192 :
350 3140 379 3192 et
399 3154 435 3192 nc
451 3136 492 3190 cis
507 3152 591 3206 aquia
613 3136 764 3200 nocerent,
780 3136 873 3187 statuit
895 3149 979 3204 aquus
1028 3135 1091 3186 lota
1105 3133 1163 3186 uita
1182 3133 1245 3199 ista,
1261 3149 1325 3204 quar
1338 3133 1459 3189 obscura
1473 3138 1526 3203 est,
1545 3140 1576 3190 ul
1589 3152 1648 3192 nox
1662 3141 1695 3192 et
1710 3140 1834 3210 perlecta

174 3232 252 3302 quasi
260 3231 287 3281 in
296 3235 364 3293 utre,
377 3243 412 3280 ne
429 3224 562 3280 [luerent.
575 3223 672 3277 Ethoc
685 3225 778 3277 totum
791 3221 980 3292 contingitad
1029 3220 1080 3276 llei
1096 3221 1262 3292 cognitione
1272 3222 1525 3290 carens,duciteos
1535 3224 1570 3279 dc
1580 3224 1659 3281 bono
1673 3226 1707 3282 in
1722 3230 1833 3296 melius,

174 3317 336 3383 historiam,
350 3316 431 3386 juxta
446 3313 522 3385 quod
538 3312 661 3384 legitur:
677 3334 690 3361 ιι
707 3310 766 3365 l'ilii
782 3311 865 3365 lsrael
877 3310 980 3365 ambu-
1030 3308 1059 3363 in
1075 3309 1289 3365 illuminatione
1300 3310 1400 3382 gratiae
1412 3311 1533 3382 Spiritus
1546 3313 1648 3381 sancti,
1664 3317 1721 3387 qui
1736 3317 1835 3373 dicitur

174 3399 576 3474 laveruntpermcdiumsicci
589 3399 886 3470 mariszaquaeaulem
897 3398 982 3452 eraut
1031 3396 1107 3469 ignis
1119 3415 1152 3453 eo
1169 3400 1245 3471 quod
1262 3400 1354 3456 bonos
1368 3399 1435 3471 igne
1460 3400 1606 3455 charitatis
1621 3405 1777 3460 accendat.
1793 3405 1837 3461 Se

176 3493 217 3548 eis
230 3508 281 3563 pro
298 3506 381 3546 muro
394 3489 431 3544 ad
446 3488 595 3543 dexteram
607 3489 636 3541 el
649 3487 798 3542 sinistram
811 3487 979 3559 (Exedunt,
1032 3486 1145 3557 quitur:
1162 3485 1319 3558 Interrupit.
1335 3486 1417 3553 Quod
1433 3488 1471 3543 sic
1499 3489 1535 3544 ad
1550 3489 1681 3546 litteram
1693 3493 1835 3565 jungitur.

177 3580 233 3653 22).
251 3602 265 3629 ιι
281 3579 362 3643 Quod
376 3578 464 3633 etiam
476 3575 630 3648 allegorice
646 3575 827 3647 contingitiu
844 3575 979 3631 Ecclesia.
1031 3573 1094 3630 Non
1111 3576 1205 3630 solum
1220 3579 1318 3630 autem
1335 3575 1409 3631 filios
1423 3577 1507 3632 lsrael
1521 3576 1598 3633 duait
1609 3580 1639 3632 in
1653 3581 1839 3649 antedicta

176 3667 365 3740 Interrumpit
375 3682 502 3737 namque
516 3666 590 3720 Heus
604 3664 729 3730 maceio
745 3666 788 3718 cst
801 3664 901 3718 dividit
909 3680 980 3734 gen·
1033 3670 1087 3717 toto
1103 3672 1177 3717 nocte
1191 3666 1220 3717 in
1236 3664 1432 3720 illuminatione
1447 3667 1531 3735 iynis3
1551 3665 1601 3720 sed
1622 3667 1719 3725 etiam
1737 3671 1838 3743 procis

176 3758 258 3813 tilem
275 3758 415 3830 populum
439 3771 493 3827 per
513 3753 677 3810 doctrinam
691 3753 933 3827 praedicatorum:
951 3755 982 3806 ut
1033 3753 1175 3822 interrupit
1182 3758 1289 3822 petrum
1300 3754 1328 3805 in
1338 3769 1423 3806 erenao
1434 3755 1652 3825 perlloysentut
1666 3755 1741 3813 inde
1756 3775 1838 3830 aquas

177 3850 291 3920 partem
313 3844 489 3900 assumatad
506 3843 706 3910 salvationem,
721 3842 982 3914 partemdamuan·
1033 3839 1188 3908 educerel;
1203 3839 1280 3895 uude
1295 3841 1417 3912 legitur:
1434 3865 1448 3891 ιι
1468 3843 1610 3898 Percussit
1623 3842 1712 3916 virga
1729 3847 1774 3903 bis
1785 3847 1838 3903 sili·

179 3929 984 4005 damsperuat.Etperfldemctoperabonaducitsalsau·
1033 3944 1108 3996 cem;
1124 3932 1153 3982 et
1174 3945 1296 4001 egressae
1312 3931 1379 3983 sunt
1393 3947 1475 4002 aquae
1491 3930 1664 4004 largissimae
1682 3934 1839 4003 (avenn,

178 4023 276 4078 dosad
286 4025 394 4076 terram
402 4019 612 4093 promissionis,
622 4018 728 4073 scilicet
738 4018 774 4072 ad
787 4017 912 4089 patriam
926 4035 982 4073 coe·
1036 4018 1087 4086 ll),
1105 4038 1119 4066 ιι
1135 4019 1169 4072 Et
1179 4021 1332 4089 postquam
1348 4022 1459 4090 petram
1475 4019 1630 4091 interrupit
1641 4023 1841 4098 adaqueeiteoc

178 4111 292 4165 leslem.
309 4110 343 4163 Et
369 4125 405 4163 ne
421 4124 514 4180 aquae,
538 4107 567 4161 id
581 4109 625 4161 est
640 4106 771 4159 infideles
785 4104 877 4159 diltlui
890 4089 975 4176 301
1033 4104 1108 4160 filios
1120 4107 1205 4160 lsrael
1221 4106 1361 4177 plenarie,
1373 4108 1444 4162 rretut
1456 4111 1485 4163 in
1498 4108 1584 4164 multa
1594 4110 1708 4180 abysso,
1717 4114 1800 4170 idest
1813 4115 1840 4170 in

178 4199 256 4254 uelut
268 4213 343 4268 aqua
361 4195 473 4269 possint
493 4196 586 4249 bonos
597 4194 767 4266 perturbare
781 4209 787 4247 :
800 4196 895 4248 statuit
907 4194 984 4265 ipsos
1034 4193 1841 4275 profundissimaaquapolestaliquispleniteradaquari.

179 4286 210 4342 id
227 4289 270 4341 cst
285 4283 460 4355 constringit
473 4282 545 4337 sicut
565 4299 647 4355 aqute
660 4283 691 4338 in
709 4288 769 4336 utre
780 4282 982 4353 constringuu-
995 4265 1021 4324 Ῑ)
1033 4280 1105 4344 Quia
1120 4299 1186 4337 vero
1201 4282 1313 4338 dixerat
1328 4300 1376 4338 eos
1398 4284 1557 4356 adaquatos
1572 4302 1646 4354 esso,
1661 4292 1694 4343 et
1709 4291 1842 4348 noudum

180 4378 237 4442 tur,
255 4391 290 4428 ne
307 4376 397 4428 lluere
413 4373 538 4436 valcant,
561 4371 616 4425 uisi
639 4371 675 4425 ad
691 4370 837 4443 pincerna
855 4369 981 4426 libitum.
1033 4371 1303 4442 posucrataquasde
1314 4373 1671 4444 petraemanasse,addit:
1687 4378 1844 4434 Dicointer·

180 4464 242 4519 Non
258 4463 428 4534 sicquidem
442 4458 615 4530 constringit
628 4458 741 4529 impios,
753 4462 784 4512 ut
795 4458 924 4513 inbouos
933 4474 983 4512 sae·
1033 4462 1105 4529 rupit
1111 4466 1230 4530 petrum,
1245 4463 1274 4514 et
1283 4460 1395 4531 depetro
1411 4461 1502 4515 educit
1510 4463 1661 4532 nquam.Et
1679 4472 1842 4538 ueputare·

180 4552 276 4607 viendi
294 4551 401 4605 nullam
417 4548 544 4603 habeant
553 4547 718 4601 facultatem
730 4547 797 4613 ;scd
809 4546 849 4600 sic
860 4549 984 4601 eosllcus
1033 4566 1097 4603 mus
1109 4549 1187 4620 quod
1202 4550 1290 4603 talem
1304 4549 1487 4620 aquanrinde
1499 4549 1654 4620 eduxisset,
1666 4571 1735 4626 quse
1746 4557 1779 4612 in
1788 4574 1842 4613 uuo

180 4640 323 4713 permittit
351 4637 389 4693 ad
418 4634 982 4703 mensuramsaeviendollnere,uicum
1033 4638 1093 4691 solo
1113 4637 1175 4691 loco
1192 4636 1403 4705 demoraretur,
1424 4637 1572 4693 addittEt
1591 4639 1690 4696 eduxit
1710 4647 1844 4716 aquasde

179 4731 272 4785 bonos
286 4727 441 4783 tormentis
451 4726 480 4780 in
498 4725 666 4797 corporibus
681 4723 827 4779 interdum
843 4724 981 4791 alliciant,
1033 4724 1095 4797 ipsa
1115 4729 1193 4794 petru
1211 4732 1339 4796 tunquam
1359 4727 1473 4793 llunune
1495 4726 1640 4782 fluentes:
1668 4732 1701 4784 et
1715 4747 1768 4788 eos
1781 4751 1844 4790 cum

180 4821 343 4873 nullatenus
356 4815 409 4870 sibi
420 4814 603 4870 conformare
610 4816 733 4884 queant;
747 4812 983 4883 velinterrumpit
1033 4815 1126 4867 castra
1141 4815 1293 4868 moverent
1306 4829 1358 4886 per
1371 4812 1515 4868 desertum
1532 4818 1845 4892 sequentes,Apostele

178 4907 250 4962 Deus
266 4906 396 4961 Hubrum
413 4920 496 4971 inore,
510 4903 540 4957 id
551 4905 594 4957 est
603 4901 704 4955 dividit
724 4902 800 4955 Deus
825 4901 979 4971 baptisma,
1032 4903 1157 4956 testante
1172 4917 1238 4956 cum
1258 4901 1343 4957 dicit:
1361 4920 1376 4954 u
1391 4901 1591 4973 Consequeute
1602 4919 1656 4959 eos
1667 4910 1843 4981 petratlcer.

178 5000 210 5049 ut
223 4995 287 5049 aliis
301 4992 338 5048 sit
354 4989 624 5061 adsalutem,Justis
638 4988 755 5054 scilicet,
769 4987 843 5056 aliis,
856 4989 904 5060 qui
911 4989 981 5060 justi
1032 5006 1058 5054 x,
1078 4989 1117 5058 4).
1134 4989 1217 5053 Quod
1248 4993 1291 5043 cst
1316 4990 1436 5045 dicere:
1468 4991 1670 5064 Consequeuti
1693 5012 1746 5053 eos
1772 5015 1843 5072 aqua

178 5100 237 5138 non
252 5084 328 5147 sunt,
344 5081 383 5135 ad
398 5079 628 5135 damnationem.
644 5101 657 5128 ιι
672 5077 748 5132 Hnlti
766 5077 844 5132 enim
860 5082 982 5133 suntvo-
1031 5077 1207 5149 procedente
1224 5095 1256 5132 ex
1270 5080 1361 5148 petra.
1382 5079 1436 5132 Pcr
1451 5080 1565 5150 petram
1578 5079 1733 5151 siquidem
1749 5103 1768 5141 a
1780 5087 1843 5142 him

177 5171 243 5238 cati,
261 5169 342 5242 parmi
358 5184 424 5222 vcro
439 5167 523 5221 electi
537 5165 648 5231 (Metili.
670 5182 714 5230 xx,
733 5166 785 5236 lo).
804 5187 818 5215 ιι
835 5166 981 5236 Baptisma
1031 5166 1117 5238 virgae
1128 5165 1311 5237 percussione
1326 5165 1528 5237 interruptam,
1546 5168 1623 5222 uude
1646 5187 1728 5245 aqua
1744 5175 1841 5247 largis·

175 5276 243 5314 acro
258 5275 308 5329 per
318 5272 399 5311 maro
412 5255 591 5325 designator,
603 5270 637 5308 co
647 5254 768 5325 quodex
778 5253 937 5325 aquasst,et
949 5255 978 5310 iu
1031 5255 1103 5309 simu
1131 5271 1181 5324 per
1197 5255 1344 5309 desertum
1369 5271 1417 5308 eos
1432 5253 1574 5308 comitans
1585 5262 1753 5329 emanavit,
1770 5264 1838 5319 uude

175 5365 209 5401 co
236 5346 303 5400 vilia
325 5344 468 5410 delentur,
486 5345 558 5399 sicut
587 5343 617 5396 in
645 5341 719 5396 mari
734 5342 831 5396 hostes
852 5342 978 5397 filiorum
1029 5342 1147 5398 saturati
1160 5346 1236 5409 sunl,
1249 5341 1532 5414 Cirrislus,quipetra
1544 5341 1691 5402 lirmaest
1706 5352 1836 5417 etsolida‚

174 5434 260 5490 lsrael
276 5430 422 5496 destructi,
437 5433 513 5485 sunt.
530 5430 659 5484 Rubrum
675 5429 794 5502 quidem
810 5429 925 5498 dicitur,
942 5447 977 5486 eo
1027 5431 1249 5504 signabatur.lle
1260 5431 1627 5502 quoclamatrtpostolusz«
1646 5436 1835 5496 Petraautem

173 5521 250 5592 quod
261 5535 312 5590 per
326 5517 428 5574 Christi
443 5517 767 5590 sauguiniseliusienem
778 5521 976 5576 consecratum
1028 5524 1091 5577 erat
1106 5517 1342 5593 (lbrislustitid.).
1360 5540 1374 5569 ιι
1391 5520 1444 5580 Ροι
1458 5519 1559 5579 binam
1570 5520 1665 5596 virgas
1678 5528 1834 5599 percussio·
