3772 5976
116 297 172 357 241
900 286 992 345 ACTA
1721 296 1773 352 250

115 437 170 496 per
184 415 411 476 Ecclesiasticnm
435 413 601 472 dicentem:
628 433 643 463 a
666 411 827 468 Laudemus
850 408 1074 473 virosAdinem
1088 415 1245 481 secederet,
1270 413 1422 471 biennium
1447 414 1560 472 circiter
1582 417 1780 492 aprodigloaa

115 533 132 561 u
149 509 288 583 gloriosos
296 509 467 579 etparentes
476 507 589 560 nostros
601 501 630 557 in
647 500 835 575 generatione
844 516 922 554 sua.»
976 502 1099 558 anastasi
1113 503 1209 558 siverit
1215 502 1299 558 elabi.
1309 503 1367 558 Etsi
1383 503 1461 559 111111
1473 507 1685 578 anonymusille
1698 508 1779 563 chro-

115 602 160 654 lta
173 594 603 664 hactenusille3taciteinterim
616 607 785 664 agnoscens,
795 590 924 646 futurum
975 593 1107 663 nologns,
1123 609 1172 647 seu
1187 591 1333 663 antiquior
1348 596 1446 648 noster
1459 593 1643 666 biographus,
1658 595 1777 652 delinito

115 687 212 755 tuisse,
223 690 255 742 ut
271 686 433 751 Guihertus,
445 681 595 738 Parisiensi
606 680 739 753 prodigio
752 680 782 735 in
793 694 924 734 cremum
976 699 1053 737 anno
1072 684 1139 738 1081
1151 681 1328 738 Brunonisin
1337 682 1492 738 Carthasim
1501 700 1630 738 eremum
1636 699 1779 739 secessum

114 777 230 850 pulsum
244 775 330 830 inisse
352 773 381 829 S.
399 774 575 836 Brunoncm,
591 771 771 842 exploratum
794 768 923 834 haberet,
974 772 1112 839 innectat,
1127 789 1177 827 suo
1193 775 1291 826 tamen
1306 772 1447 828 scribendi
1462 773 1548 829 modo
1562 790 1620 828 non
1636 772 1734 841 1111111,
1749 775 1780 828 ut

113 865 138 920 si
151 864 232 921 brevi
243 863 289 919 hic
301 863 332 918 in
346 863 436 928 illam,
452 863 605 934 postquam
620 857 727 938 feralis*
739 856 859 912 historia
871 871 923 927 pu·
974 861 1133 916 Perisiense
1148 860 1312 933 prodigium
1326 878 1403 916 anno
1418 863 1486 917 l082
1504 861 1663 916 necessario
1686 861 1722 916 sit
1733 859 1779 917 in·

111 952 188 1008 blice
204 952 353 1018 evenisset,
371 967 432 1004 sese
450 946 601 1021 receperit.
618 947 652 1000 Et
666 962 745 1012 sane,
761 946 782 1000 si
799 946 923 1012 sanctus,
973 949 1274 1006 nectendumEtanim
1283 949 1312 1004 id
1323 951 1566 1018 relaturnsnum,l
1578 949 1778 1005 itamemorat:

111 1041 213 1096 statim
237 1043 324 1112 atque
338 1036 505 1113 prodigium
528 1034 684 1103 accidisset,
701 1039 751 1089 aut
765 1036 841 1089 certa
864 1048 923 1087 non
975 1062 989 1090 u
1013 1040 1098 1094 Anno
1124 1038 1282 1094 Dominicae
1308 1038 1515 1094 lucarnationis
1543 1040 1610 1093 lost
1634 1039 1678 1093 vcl
1704 1037 1779 1094 circa

113 1129 164 1185 diu
177 1132 243 1201 posi
252 1121 922 1194 ineremum,sexsibisociisadjtlnciis,abiisset,
973 1127 1065 1194 illum,
1080 1128 1149 1182 dum
1159 1129 1291 1182 solemne
1299 1126 1424 1182 studium
1438 1127 1556 1181 floreret
1570 1126 1693 1193 Parisiis,
1707 1142 1779 1200 prae-

112 1218 213 1275 fuisset
229 1219 338 1290 ulique,
355 1217 453 1272 fecisse
468 1217 524 1270 11⁰⁰
549 1213 641 1281 illum,
656 1213 804 1269 hssrrendo
819 1214 923 1265 eventu
973 1217 1055 1289 cipue
1070 1216 1100 1270 in
1115 1216 1297 1288 philosophia
1309 1219 1339 1271 et
1349 1215 1496 1287 theologia
1508 1218 1536 1270 at
1545 1216 1610 1286 jure
1626 1213 1777 1283 canonico,

112 1307 282 1383 impulsum,
300 1306 435 1363 Guiherto
451 1305 569 1379 aliisque
597 1303 702 1377 passim
728 1301 922 1367 notissimum,
973 1307 1045 1362 sicut
1071 1305 1247 1376 generaliter
1271 1305 1426 1371 consuevit,
1450 1306 1507 1358 tale
1529 1303 1776 1377 prodigiumque

112 1397 317 1453 maximarum
333 1397 526 1451 sanctuarum
540 1408 784 1466 eosquossecum
806 1390 834 1444 in
857 1388 923 1444 soli·
973 1394 1079 1450 scilicet
1095 1395 1195 1449 doctor
1208 1393 1372 1449 parisiensis
1385 1392 1526 1465 tantisper
1544 1391 1695 1456 redivivus,
1716 1407 1777 1447 sesa

111 1487 248 1543 tudinem
263 1486 389 1554 attraxit,
407 1488 471 1541 tum
490 1483 570 1551 alios,
591 1500 649 1539 non
666 1499 770 1555 paucos
791 1477 923 1536 horribili
973 1484 1154 1550 damnatum,
1180 1488 1208 1539 et
1226 1482 1333 1538 feretro
1359 1481 1518 1537 astantibus
1532 1479 1719 1551 denuntiarit)
1738 1478 1778 1536 ibi

111 1576 162 1632 ido
172 1575 303 1633 damnati
316 1571 828 1647 doctorisexemploadpoenitentiam
837 1586 924 1642 agen·
973 1573 1077 1629 dicitur
1090 1572 1234 1628 accidisse.
1250 1593 1264 1621 »

111 1665 182 1721 darn
198 1663 338 1732 excitarit,
354 1662 602 1737 quemadmodum
626 1677 738 1727 ornnes,
760 1659 808 1733 qui
824 1657 922 1733 prodi·
1008 1663 1070 1716 113.
1088 1661 1256 1732 Prodigiosa
1268 1677 1336 1733 ergo
1352 1658 1476 1715 doctoris
1486 1658 1615 1715 damnati
1629 1657 1777 1728 anastasis,

110 1752 195 1824 311111
212 1756 409 1825 propugnant,
426 1750 558 1807 unanimi
576 1766 716 1806 consensu
731 1748 921 1805 contendunt.
935 1737 959 1796 Β
972 1749 1105 1822 spectatis
1121 1750 1165 1817 iis,
1182 1767 1245 1822 qnae
1261 1748 1407 1821 antiquior
1422 1751 1520 1803 noster
1531 1747 1707 1820 biographus
1719 1763 1779 1802 me-

109 1843 234 1909 Atvero,
246 1842 287 1898 ait
299 1840 504 1897 carthusianus
516 1842 613 1894 noster
623 1854 795 1910 anonymus,
808 1840 922 1894 sanctus
973 1838 1073 1894 moriae
1085 1837 1197 1911 prodit;
1215 1855 1273 1893 non
1290 1836 1410 1892 definito
1424 1853 1500 1891 anno
1511 1839 1590 1904 lona,
1605 1836 1655 1890 sed
1669 1836 1713 1890 vel
1722 1836 1778 1891 hoc

110 1946 173 1986 non
187 1929 277 2001 prius,
293 1946 381 2002 quam
395 1946 460 1984 curn
476 1929 538 2001 jam
554 1926 704 1983 biennium
719 1926 779 1981 fere
795 1943 812 1981 a
826 1925 922 1997 prodi-
970 1926 1033 2000 ipse
1046 1944 1135 1993 anno,
1145 1927 1253 1981 veluno
1265 1929 1314 1980 eut
1326 1927 1415 1980 altero
1425 1925 1611 1996 proximeseu
1619 1938 1778 1997 praegresso

109 2017 193 2091 glosa
207 2018 332 2075 doctoris
345 2016 469 2074 anastasi
482 2020 558 2073 esset
576 2018 717 2088 elapsum,
738 2015 768 2070 in
790 2030 921 2071 eremum
971 2032 1020 2070 seu
1036 2018 1142 2083 secuto,
1160 2014 1264 2081 evenit,
1290 2031 1343 2069 nec
1369 2014 1527 2086 quidquam
1552 2011 1619 2068 alibi
1644 2011 1777 2078 occurrit,

109 2122 172 2162 sesa
195 2106 315 2179 recepit,
338 2107 463 2178 hincque
489 2105 519 2161 id
546 2105 646 2160 fecisse
674 2104 766 2171 illurn,
791 2101 921 2158 horribili
971 2104 1048 2176 quod
1063 2104 1183 2159 feralem
1205 2103 1285 2158 illam
1298 2101 1459 2168 historiam,
1479 2101 1645 2172 siunquam
1665 2097 1778 2168 accidit,

109 2197 217 2250 eventu
231 2194 398 2266 impulsum,
415 2192 558 2269 ignoravit
572 2193 732 2249 Guihertus.
746 2192 851 2247 Verum
864 2189 920 2260 cui,
971 2191 1249 2248 determinatoanno
1258 2194 1326 2247 1082
1336 2192 1421 2262 cogat
1431 2190 1588 2246 innectere.
1597 2188 1699 2254 Quidsi
1708 2203 1779 2259 erge

108 2299 219 2355 quaeso,
239 2282 401 2339 verosimile
423 2285 572 2355 appareat,
593 2283 770 2350 Brunonem,
789 2279 839 2352 qni
858 2281 920 2351 jam
970 2280 1029 2349 illa,
1046 2282 1068 2336 si
1081 2281 1212 2353 contigit,
1228 2280 1289 2354 ipso
1306 2297 1383 2335 anuo
1401 2282 1479 2348 1083,
1492 2279 1529 2334 ad
1544 2277 1779 2348 linemtercjam

108 2369 178 2426 inde
198 2387 233 2426 ex
246 2371 304 2427 voli
328 2371 437 2427 dudum
453 2369 548 2426 emissi
570 2369 711 2441 religione
734 2370 771 2425 ad
789 2368 920 2424 habitum
971 2372 1117 2443 provecto,
1130 2368 1225 2441 reipsa
1251 2369 1350 2435 etiem,
1376 2368 1416 2423 uti
1441 2384 1476 2423 ex
1491 2367 1573 2422 dictis
1595 2365 1658 2422 fieri
1674 2367 1779 2439 potest,

107 2459 302 2516 monasticum
317 2458 528 2532 suscipiendum
541 2458 704 2526 tenebatur,
715 2457 837 2529 hincque
849 2454 921 2511 obli·
971 2458 1125 2530 contigisse
1143 2461 1294 2525 statuatur,
1311 2457 1352 2513 ita
1366 2474 1435 2512 sane
1457 2457 1532 2512 hanc
1546 2456 1624 2511 inter
1638 2458 1668 2510 et
1688 2452 1779 2510 sancti

107 2547 221 2619 galieni
233 2548 397 2605 satisfacere
410 2546 516 2603 diutius
533 2546 667 2602 differens
685 2544 823 2618 gravioris
840 2559 920 2599 novae
970 2546 1000 2603 in
1017 2546 1172 2604 carthusiae
1197 2562 1328 2602 eremum
1354 2563 1507 2613 secessum,
1533 2544 1583 2617 qui
1602 2561 1636 2599 ex
1651 2541 1780 2600 dicendi·

107 2635 238 2706 periculo
253 2653 314 2692 sese
331 2638 392 2691 erat
407 2634 595 2709 expositurus,
612 2651 671 2690 non
686 2633 765 2706 prius
780 2634 809 2688 in
824 2633 922 2689 solitu·
970 2654 1047 2693 anno
1065 2638 1133 2693 1081
1147 2637 1224 2693 circa
1238 2636 1327 2704 diem,
1344 2635 1373 2691 S.
1384 2635 1486 2690 loanni
1503 2633 1636 2708 Baptista
1652 2647 1777 2699 sacrum,

108 2722 221 2792 dinem,
238 2741 326 2796 quam
341 2740 407 2780 cum
420 2723 570 2779 biennium
585 2723 646 2777 lere
661 2740 678 2777 a
691 2721 836 2794 prodigio,
852 2739 919 2795 quo,
971 2724 1076 2793 evenit,
1093 2742 1153 2781 non
1177 2724 1328 2780 biennium
1353 2723 1476 2791 circiter,
1498 2722 1548 2778 sed
1563 2720 1667 2777 arctius
1690 2721 1779 2792 longa

107 2813 141 2867 ut
155 2813 314 2884 loquuntur
328 2811 470 2878 nonnulli,
487 2810 623 2867 animitas
646 2811 741 2866 iuerat
755 2827 919 2880 concussus,
970 2814 1110 2887 temporis
1120 2815 1245 2886 spatium
1259 2812 1462 2879 intercesserit,
1480 2810 1558 2884 qnod
1570 2813 1685 2866 sanctus
1692 2808 1778 2865 rebus

107 2901 334 2973 essetelapsum,
348 2899 518 2956 secessisse?
969 2903 1027 2958 suis
1041 2902 1252 2974 componendis
1262 2901 1465 2975 parandisque,
1480 2917 1544 2973 quae
1559 2900 1597 2954 ad
1609 2895 1720 2954 consilii
1734 2895 1777 2952 sui

143 2989 208 3045 tia.
221 2988 254 3044 ld
266 3005 336 3045 sane
346 2988 475 3055 incenso,
490 2989 579 3060 qnod,
595 2987 654 3043 viso
668 2987 918 3060 horribilispecta·
969 2991 1183 3048 exsecutionem
1207 2993 1371 3062 opportune
1386 2989 1591 3055 arbitrabatur,
1607 2985 1778 3060 impendere

107 3076 184 3144 culo,
198 3077 372 3150 conceperit,
392 3076 490 3133 salutis
513 3079 629 3132 aetarnae
656 3093 811 3149 rerumque
835 3078 918 3133 11111-
968 3079 1104 3152 potnerit,
1118 3080 1263 3151 quodque,
1274 3079 1296 3133 si
1310 3078 1424 3150 longius
1434 3077 1526 3132 adhuc
1536 3075 1675 3140 videatur,
1690 3088 1778 3146 quarn

106 3165 197 3220 11111111
211 3165 353 3221 desiderio
377 3165 500 3221 minime
525 3165 669 3237 congruit.
698 3166 754 3221 Nec
774 3167 826 3233 est,
841 3165 919 3238 quod
969 3172 1029 3225 uta
1044 3172 1142 3224 sancto
1159 3167 1243 3222 rebus
1259 3168 1315 3221 suis
1331 3164 1539 3238 componendis
1554 3161 1778 3233 necessariisque

105 3269 244 3324 reponas,
260 3256 341 3309 tanto
356 3253 495 3325 temporis
511 3253 603 3325 spatio
621 3254 707 3309 rebus
721 3253 778 3309 suis
800 3271 918 3327 compo·
968 3258 1033 3314 vita
1049 3256 1204 3313 eremiticae
1231 3255 1440 3327 amplectandae
1461 3253 1598 3326 parandis
1611 3252 1777 3325 impensum

106 3341 223 3409 flendis»
237 3341 441 3414 parandisque,
458 3359 521 3415 ‹111ae
536 3341 572 3398 ad
586 3359 691 3397 novum
705 3342 919 3414 suscipiendum
968 3348 1054 3404 tuisse
1068 3346 1211 3414 credatur,
1237 3344 1368 3402 contrahi
1388 3341 1480 3399 adhuc
1503 3344 1598 3414 potest
1615 3338 1776 3396 differendo

106 3430 174 3486 vitre
190 3446 281 3503 geom
296 3447 367 3503 opus
391 3434 484 3498 erant,
509 3429 667 3502 indiguisse
694 3434 836 3487 sanctum.
860 3430 918 3486 Etsi
968 3436 1057 3492 etiam
1073 3436 1109 3491 ad
1121 3451 1232 3490 annum
1245 3450 1334 3506 usqua
1352 3434 1420 3488 1081
1435 3430 1594 3486 Ρ111111111
1610 3425 1776 3500 prodigium

107 3517 189 3574 enirn
204 3517 394 3573 dubitandum
411 3535 471 3573 non
487 3517 522 3572 sit
535 3518 605 3590 quin
626 3520 692 3590 post
703 3518 879 3589 prodigium,
895 3517 918 3574 si
968 3528 1067 3595 utpote
1087 3524 1165 3596 quod
1180 3540 1233 3578 nae
1255 3519 1414 3577 necessario
1429 3522 1496 3575 ante
1511 3520 1587 3574 huno
1610 3532 1719 3572 annum
1742 3531 1776 3570 ex

106 3606 205 3678 reipsa
219 3607 314 3662 locum
325 3605 355 3661 id
376 3622 504 3678 unquam
520 3606 630 3673 habuit,
646 3606 787 3678 temporis
801 3606 918 3678 aliquod
963 3612 1028 3683 jam
1053 3610 1135 3667 dictis
1150 3610 1294 3666 acciderit.
1309 3609 1429 3681 Quoquo
1443 3608 1531 3663 modo
1552 3606 1649 3679 itaque
1662 3621 1709 3660 res
1723 3603 1775 3659 ha·

108 3694 319 3767 spatiumque
339 3711 466 3750 resenas
486 3697 684 3764 componeret,
701 3695 918 3768 necessariaque
968 3700 1046 3768 beet,
1059 3699 1170 3754 biennii
1195 3698 1307 3754 circiter
1329 3697 1454 3768 spatium
1478 3711 1588 3751 annum
1603 3693 1689 3760 inter,
1719 3706 1776 3764 quo

108 3783 147 3839 ad
167 3799 275 3839 novum
296 3783 361 3839 vilra
384 3799 475 3856 genus
498 3786 624 3854 pararet,
640 3800 705 3839 vere
731 3783 917 3856 impenderit,
968 3792 1082 3844 sanctus
1096 3787 1126 3842 in
1136 3786 1429 3843 Carthusiaeercmum
1437 3783 1517 3850 abiit,
1533 3779 1715 3854 prodigiique
1726 3780 1778 3835 Pa-

108 3870 197 3926 inissa
213 3874 311 3927 tamen
327 3871 398 3926 illud
417 3874 467 3926 aut
491 3887 551 3927 esse
574 3870 703 3928 debuisse
726 3873 849 3928 duorum
863 3872 918 3928 cir·
968 3876 1094 3933 risiansis
1110 3875 1249 3949 apocham
1276 3873 1477 3938 intercessisse,
1494 3888 1528 3925 111
1538 3869 1571 3924 111
1584 3885 1648 3941 quae
1664 3883 1776 3939 anony-

110 3959 183 4015 citer
198 3976 354 4027 annornm,
379 3960 457 4014 nulla
472 3960 592 4015 omnino
616 3960 689 4016 ratio
713 3961 823 4016 suadet.
846 3960 920 4026 Quid
968 3982 1033 4021 mus
1047 3964 1210 4037 primorum
1218 3959 1508 4035 quinqueCarthusiae
1516 3957 1645 4030 priorum
1655 3957 1777 4012 chrono-

110 4047 143 4104 ni
164 4047 243 4104 anim
269 4048 352 4105 bonis
381 4047 437 4104 suis
461 4064 523 4103 scae
550 4047 692 4117 abdicare,
721 4049 819 4105 amicis
847 4051 921 4106 vele·
968 4054 1051 4126 logne
1062 4072 1112 4110 sau
1124 4053 1271 4125 antiquior
1279 4048 1369 4107 sancti
1378 4049 1467 4105 nostri
1481 4048 1657 4121 biographus
1666 4060 1777 4103 mamo-

111 4134 221 4205 (ficere,
246 4154 404 4210 paucaque,
431 4153 495 4209 (11¹ae
520 4136 558 4203 ⁰5,
590 4139 805 4210 pauperrimam
832 4138 919 4194 iiiam
968 4145 1019 4200 rico
1034 4143 1140 4216 prodit,
1157 4158 1336 4213 consequens
1355 4156 1415 4196 non
1430 4141 1482 4193 est.
1499 4139 1591 4209 Atque
1601 4134 1631 4191 id
1645 4133 1777 4208 quidem,

111 4223 245 4293 ducturo,
275 4225 435 4282 necessaria
460 4228 556 4280 essent
580 4225 687 4291 sutura,
716 4243 818 4298 parare
847 4227 918 4283 duo·
969 4249 1023 4288 nec
1036 4230 1181 4288 immerito
1193 4231 1229 4287 ob
1240 4231 1304 4302 jam
1320 4229 1405 4295 dicta,
1415 4225 1578 4292 statuimus,
1587 4223 1776 4281 Curthusiano

110 4330 179 4370 rum
210 4313 298 4369 etiarn
333 4314 471 4369 duntaxat
498 4313 621 4368 triumve
654 4315 797 4369 mensium
827 4305 956 4386 spetioD
969 4319 1329 4391 nostroanenyrnodantes
1339 4315 1488 4390 tantisper,
1499 4318 1630 4371 sanctum
1643 4316 1777 4371 nostrum

111 4401 263 4476 potuerit?
281 4403 342 4469 Ast,
358 4400 452 4473 inquit
471 4401 675 4457 Gartlrnsianus
696 4407 794 4458 noster
808 4421 919 4477 anony·
968 4425 1035 4464 curn
1049 4408 1159 4465 mundo
1174 4405 1364 4464 valedicturus
1388 4405 1484 4461 Remis
1498 4401 1625 4471 excessit,
1652 4405 1732 4458 recta
1745 4401 1776 4461 in

112 4505 189 4559 mus,
205 4491 337 4545 sanctum
357 4505 434 4544 anno
452 4491 520 4546 lost
540 4489 697 4545 Carthasim
713 4508 844 4548 eremum
859 4511 918 4550 esse
970 4496 1125 4553 carthusiae
1138 4511 1270 4550 eremum
1282 4492 1439 4561 secessisse,
1456 4509 1505 4548 seu
1518 4493 1555 4547 ed
1569 4491 1598 4547 S.
1611 4491 1776 4565 hugonem,

110 4578 286 4650 ingressum,
301 4576 463 4650 primorum
478 4577 604 4649 quinqua
623 4577 779 4634 carthusiae
789 4580 919 4651 priorum
968 4583 1267 4656 Gratianopolitannm
1289 4582 1501 4654 episcopum,a
1523 4597 1580 4655 quo
1595 4580 1626 4638 in
1647 4581 1723 4639 hanc
1742 4593 1776 4634 ax

110 4667 307 4738 chronologus
315 4682 366 4721 seu
374 4664 522 4736 antiquior
535 4665 625 4720 sancti
639 4666 729 4721 nostri
744 4666 920 4741 biographus
970 4674 1097 4730 dicendis
1110 4674 1210 4729 ductus
1224 4671 1288 4739 tuit,
1302 4687 1364 4727 sese
1377 4671 1541 4727 contulisse.

110 4770 195 4812 num.
214 4759 241 4811 11
259 4754 364 4810 diserte
379 4752 477 4821 tradit,
505 4752 599 4825 eique,
619 4754 668 4826 qui
682 4757 746 4826 post
759 4755 920 4814 floruerunt
1004 4765 1067 4818 111.
1081 4762 1189 4817 Verum
1203 4763 1327 4828 sanctus,
1339 4763 1497 4832 antequam
1511 4759 1566 4816 hoc
1580 4759 1697 4825 iaceret,
1713 4755 1778 4816 seti-

111 4842 293 4900 ttarthnsiani
307 4841 367 4909 alii,
389 4858 442 4914 pro
457 4841 623 4914 prodigiosa
643 4842 767 4899 doctoris
788 4845 919 4902 damuati
968 4851 1100 4908 tudinem
1116 4867 1134 4906 a
1148 4848 1305 4906 carthusiae
1329 4865 1428 4905 eremo
1451 4847 1594 4906 diversam
1610 4844 1722 4912 adiisse,
1744 4844 1775 4899 in

110 4930 236 4989 anastasi
247 4931 355 4996 testati,
377 4931 497 5003 jamque
518 4929 548 4984 in
564 4930 693 4986 medium
709 4933 768 5001 §xl
792 4933 918 5004 adducti,
969 4956 1060 5011 eaque
1082 4937 1250 5011 aliquandiu
1268 4940 1465 4995 commoratus
1487 4935 1573 4993 tuisse
1597 4933 1719 4991 videtur.
1733 4933 1777 4988 lte

110 5020 201 5076 etiam
214 5019 408 5076 consentiunt.
425 5019 537 5086 Fateor,
553 5019 593 5074 sic
606 5019 714 5075 habat:
734 5036 835 5078 verum
850 5024 919 5096 quid
969 5027 1109 5099 opinandi
1129 5043 1230 5083 ausam
1249 5043 1300 5083 san
1313 5026 1537 5084 tundamentum
1559 5022 1691 5095 prebent
1703 5019 1776 5076 varii

109 5108 199 5164 tamt
212 5106 350 5164 Sanctum
364 5107 501 5180 equidem
516 5107 696 5178 pastinatum
709 5108 876 5181 prodigium
888 5113 919 5168 in
968 5115 1204 5171 tunebressancti
1219 5115 1314 5184 Tituli,
1329 5115 1370 5172 111
1385 5113 1474 5171 etiam
1493 5109 1671 5171 ttabillonius
1682 5108 1714 5167 in
1726 5124 1774 5166 or·

108 5195 308 5264 solitudinem,
325 5196 361 5251 ab
374 5212 473 5252 eramo
487 5195 674 5251 Carthasiana
682 5195 822 5255 diversam
837 5204 918 5257 anta·
969 5204 1044 5260 dinis
1057 5204 1101 5259 sui
1115 5204 1296 5260 benedictini
1302 5202 1472 5271 Annalibus,
1484 5200 1535 5259 lib..
1544 5216 1618 5267 uvi,
1633 5215 1714 5262 num.
1727 5200 1771 5257 61.

108 5301 200 5358 qnam
221 5284 295 5341 hanc
319 5284 424 5352 adiret,
440 5299 500 5339 sese
522 5300 583 5339 non
607 5283 760 5355 abdidisse,
786 5289 918 5360 nuspiam
968 5292 1112 5349 1111111111
1130 5292 1253 5363 scriptor
1277 5290 1396 5354 ibidem,
1413 5289 1449 5345 de
1464 5290 1564 5347 sancto
1588 5291 1698 5355 nostro,
1723 5285 1773 5361 qui

108 5373 443 5442 salamanticensis
460 5371 629 5442 affirmaret,
653 5389 832 5448 consequens
850 5394 919 5450 pre·
969 5380 1149 5438 Carthasiam
1163 5380 1275 5446 adiens,
1289 5376 1390 5450 magui
1416 5375 1543 5435 nominis
1562 5375 1726 5444 eremitam,
1749 5371 1774 5429 si

108 5465 213 5535 pterea
226 5461 320 5531 tieret,
336 5464 378 5530 ut,
393 5461 580 5535 111111111ὶοί11,
598 5478 663 5534 quaa
680 5461 707 5519 is
719 5462 842 5538 scriptor
855 5484 918 5535 me·
968 5465 1362 5536 alomeuraueaexuaorico
1377 5460 1773 5538 11111111111111111111

108 5548 337 5624 mosanarii,
352 5550 591 5619 maculosae,
606 5550 919 5626 obuenissent»
966 5556 1152 5630 1111111111,
1163 5567 1329 5627 aroenae
1340 5549 1776 5634 immensuratum
