3772 5970
116 276 169 332 667
418 276 448 333 S.
468 278 641 335 arenosis
661 274 978 334 martttsravoatm
995 272 1231 331 rxsrrroronls
1249 274 1329 331 ΟΡΡ.
1348 274 1470 332 PARSl
1571 332 1576 337 .
1726 278 1776 334 vos

115 398 316 454 attribuendus
323 403 366 455 est
373 402 474 465 David,
484 403 561 457 idest
574 404 708 474 perlecta
718 401 847 455 Ecclesia,
859 397 958 454 ten-A
968 398 1137 461 mabuntur,
1152 398 1181 452 id
1201 399 1304 469 estqui
1319 399 1409 454 lorles
1424 401 1454 453 et
1468 397 1544 453 firmi
1564 397 1611 453 hic
1631 397 1776 465 videntur,

116 488 459 549 dentiiullnem,idc‹tin
470 493 658 547 vltiristumnt
669 492 694 545 ei
706 492 741 544 sit
752 489 918 544 conterinis.
969 485 999 540 in
1016 486 1115 541 tuturo
1133 487 1240 541 inlirrni
1262 488 1444 558 apparebunt
1466 505 1473 541 :
1499 487 1618 559 quando
1641 486 1775 542 dicetur:

117 577 205 632 David
221 578 285 631 dico
305 595 312 631 t
333 581 430 647 agenti
453 582 551 634 laudes
562 598 612 650 pro
627 580 735 633 occiiliiv
755 579 815 646 filii.
834 578 862 632 id
878 578 921 630 νει
971 598 985 623 α
1002 575 1169 629 [lise-edica
1186 593 1243 642 me,
1258 602 1272 623 ,.
1288 580 1343 629 ele.
1359 575 1595 647 illicitam:
1612 573 1776 643 confitebor,

115 666 297 737 prejudiciis
312 668 414 722 Christi
431 686 438 722 z
456 671 724 740 quieritouomastice
738 667 921 735 filiuvdicitur
969 661 1108 725 Narrabo,
1127 663 1307 719 Pauliacum
1331 664 1506 717 concertendo
1532 666 1676 717 inimicum
1692 681 1776 718 meum

114 758 184 808 sinit
199 755 267 809 idem
288 764 409 810 testetur.
429 778 444 807 a
464 758 492 811 Si
512 758 587 812 lilius
599 776 649 812 vos
664 756 836 820 liberaverit,
855 770 919 807 vere
969 759 1125 809 retrorsum.
1145 752 1174 805 id
1196 756 1240 806 est
1259 753 1289 806 in
1307 753 1362 807 boc
1377 753 1457 825 quod
1478 751 1631 807 considero
1646 768 1698 806 me
1709 769 1776 807 eou-

115 842 289 898 libcrieritis
303 843 396 898 ‘doum
416 861 474 912 vui,
492 848 552 907 36).
575 870 588 892 n
604 846 672 909 Quae
695 843 803 914 judicia
823 842 920 896 mullis
968 858 1115 896 versurum
1141 842 1348 912 praedicatione
1374 859 1381 894 :
1410 846 1439 896 et
1465 845 1600 912 exempto
1626 840 1776 895 inimicum

116 932 227 986 occulta
240 936 316 986 sunt.
341 933 373 986 Et
386 933 460 987 bene
476 934 558 1003 ponit
577 934 695 987 occultis.
712 933 773 986 Nun
789 931 866 985 enim
882 930 918 984 de
968 946 1078 987 meum.
1104 930 1190 983 idest
1212 930 1353 1000 quosdam
1376 929 1412 982 de
1433 929 1558 984 inimicis
1579 929 1654 983 meis
1669 932 1775 984 retror-

115 1036 175 1075 uno
195 1020 266 1085 solo,
290 1021 338 1074 sed
358 1021 394 1075 de
417 1022 545 1092 pluribus
567 1022 637 1092 agit.
663 1021 791 1084 Qualiter
814 1018 919 1073 seilicet
967 1034 1043 1081 sum,
1054 1018 1082 1071 id
1093 1021 1135 1071 est
1151 1018 1256 1072 luciam
1269 1018 1398 1071 converti
1413 1016 1450 1072 de
1464 1018 1541 1072 malo
1556 1017 1594 1071 ad
1608 1017 1732 1072 bonum.
1744 1017 1776 1071 at

115 1109 189 1163 [lens
204 1109 314 1163 occulte
326 1110 466 1180 quosdam
480 1110 637 1181 impiorum
642 1110 753 1180 judicat
762 1112 793 1162 ut
803 1123 920 1162 conver·
967 1105 1084 1175 exponit
1109 1106 1243 1177 qualiter,
1260 1105 1367 1159 scilicet
1382 1105 1603 1174 infirmabuntur,
1624 1104 1655 1159 id
1669 1105 1773 1177 estqui

114 1197 223 1263 tantm,
240 1197 380 1268 quosdam
393 1215 460 1253 vcro
477 1202 508 1252 ut
522 1199 617 1269 magis
635 1198 766 1252 excaecati
776 1198 853 1268 juste
864 1213 916 1266 pu·
969 1192 1059 1247 fortes
1072 1197 1101 1247 et
1113 1194 1189 1248 firmi
1204 1194 1233 1248 in
1245 1194 1415 1248 infidelitate
1430 1210 1481 1248 sua
1495 1196 1573 1259 sunt,
1583 1192 1697 1247 inllrmi
1709 1208 1774 1264 pau·

114 1283 258 1339 niantur:
281 1286 460 1357 qualiterque
475 1304 541 1341 suos
560 1288 589 1341 in
614 1287 669 1341 boc
689 1283 918 1356 mundojudicet
966 1281 1048 1335 latim
1066 1282 1097 1335 in
1122 1298 1157 1335 ea
1179 1282 1259 1335 irent.
1277 1283 1310 1335 Et
1328 1282 1369 1335 sic
1389 1281 1535 1353 peribunt,
1555 1280 1586 1335 id
1605 1285 1701 1336 estex
1714 1283 1772 1335 toto

113 1373 220 1444 puniri,
236 1372 332 1444 sicque
347 1379 446 1445 postea
461 1375 628 1430 beatilleari.
641 1376 685 1429 Ad
700 1375 834 1429 ultimum
850 1389 916 1428 vero
965 1370 1123 1425 secundum
1140 1371 1219 1441 quod
1236 1369 1366 1424 infideles
1376 1374 1444 1424 suut
1458 1370 1646 1424 destruentur
1662 1386 1670 1423 :
1684 1372 1714 1423 et
1721 1368 1771 1423 huc

113 1461 175 1533 agit
190 1462 226 1516 de
238 1463 542 1533 persecutionetutura
554 1466 725 1536 intempore
738 1462 916 1529 Antichristi‚
966 1457 1138 1529 contingcta
1147 1459 1228 1528 facie,
1242 1459 1272 1512 id
1291 1462 1334 1513 est
1348 1476 1366 1513 a
1379 1458 1546 1531 cognitione
1556 1462 1617 1514 tua.
1628 1457 1771 1513 Inimicum

114 1565 178 1620 quoe
201 1550 250 1605 llei
263 1553 373 1606 ‹occultu
390 1552 499 1622 judicio
518 1554 677 1624 continget.
693 1553 728 1606 Et
744 1557 787 1607 est
809 1554 837 1605 in
862 1552 916 1606 hoo
967 1562 1033 1600 vero
1046 1546 1114 1600 dicit
1129 1547 1324 1618 singulariter,
1340 1552 1368 1602 et
1378 1549 1507 1619 peribunt
1522 1547 1691 1618 pluraliter:
1708 1545 1771 1618 quia

113 1638 226 1708 psalmo
241 1654 292 1693 vor
309 1639 441 1709 perlectae
459 1640 598 1704 Ecclesiae,
609 1644 638 1693 ul
656 1640 783 1694 minores
796 1639 917 1693 instruat
966 1638 995 1687 et
1010 1651 1067 1688 uria
1083 1652 1177 1689 massa
1191 1640 1220 1688 et
1232 1636 1406 1690 multisunt:
1420 1636 1571 1690 inimicum
1587 1651 1656 1690 vero
1671 1634 1772 1689 dicitet

114 1725 150 1779 ad
164 1726 213 1779 [lei
233 1726 348 1780 laudem
364 1743 415 1781 :se
427 1729 516 1781 Deum
533 1744 586 1797 pru
602 1728 719 1782 occultis
729 1727 845 1797 judiciis
860 1727 953 1786 suisB
966 1722 1126 1783 hereticos,
1147 1728 1176 1778 et
1194 1729 1306 1778 exteros
1321 1726 1428 1779 hostes.
1450 1727 1484 1779 Et
1505 1725 1569 1779 ideo
1590 1724 1688 1779 adhuc
1706 1740 1769 1778 con-

112 1813 915 1887 exquibusmultiscandalizanturlaudarepromittentis,
967 1810 1080 1871 fitebor.
1099 1797 1224 1867 narrabo
1239 1817 1268 1866 et
1293 1813 1424 1883 psallam,
1441 1814 1567 1884 qironium
1592 1813 1684 1881 fecisti
1700 1810 1770 1880 judi-

113 1901 164 1955 sic.
965 1901 1035 1951 cium
1050 1917 1109 1953 csse
1125 1918 1223 1963 meiero,
1245 1901 1274 1954 id
1291 1894 1335 1955 cst
1349 1901 1420 1954 mihi
1439 1901 1516 1955 utile.
1531 1900 1569 1953 Et
1588 1917 1700 1954 cuicum
1714 1915 1770 1953 esse

147 1986 299 2058 Confitetur
311 1992 370 2055 tibi,
385 1991 509 2048 Domine.
525 1995 564 2046 lic
577 1992 599 2046 si
614 1992 691 2046 dicat
704 2010 711 2046 ι
726 1993 802 2047 llulti
818 1992 854 2046 de
868 2009 914 2046 oc·
966 2004 1061 2051 menta,
1079 1988 1107 2041 id
1130 1991 1172 2041 est
1195 1989 1265 2042 milri
1289 1989 1398 2044 utilem.
1421 1989 1469 2043 l'el
1485 1990 1535 2044 ita.
1552 1987 1691 2055 Quoniam
1700 1986 1770 2058 juci-

112 2077 318 2148 cultisjudieiis
331 2080 387 2134 tuis
402 2098 465 2151 quae
482 2081 522 2134 cis
538 2081 643 2150 injusta
656 2080 789 2135 videntur
799 2080 917 2134 scanda-
964 2078 1036 2129 cium
1051 2094 1137 2130 inciam
1152 2085 1299 2131 etecusam
1315 2096 1399 2132 uveam
1413 2079 1512 2147 secuti,
1525 2077 1553 2131 id
1567 2078 1679 2131 estboc
1695 2074 1768 2147 quod

111 2163 561 2238 lizarturllgoautemconfitebor
573 2168 661 2228 obiiti
674 2172 716 2222 est
732 2168 854 2223 laudabo
870 2172 914 2222 te:
960 2164 1106 2234 judicatus
1120 2166 1150 2219 in
1166 2182 1281 2221 causam
1297 2166 1399 2221 ductus
1415 2183 1490 2233 sum,
1502 2166 1605 2232 iecisti,
1620 2165 1652 2219 id
1664 2167 1707 2219 est
1717 2164 1767 2219 dis

112 2255 141 2307 in
157 2260 210 2307 toto
232 2255 309 2309 corde
322 2272 389 2318 inco,
414 2256 443 2310 id
462 2259 505 2311 est
526 2257 553 2310 in
574 2260 634 2310 tota
656 2255 807 2311 allectione
823 2255 916 2311 cordis
964 2253 1097 2323 posuisti:
1112 2271 1171 2308 non
1185 2255 1239 2309 luit
1253 2271 1286 2309 er
1297 2254 1473 2321 temeritate,
1483 2258 1515 2309 ut
1526 2253 1648 2326 quidam
1657 2255 1767 2324 putant.

111 2341 913 2415 mei:nullaphantasmaticaeogitationeintercurrente.
963 2340 1105 2396 iudicium
1120 2342 1189 2396 dicit
1204 2343 1282 2413 quod
1297 2343 1348 2399 Dei
1364 2344 1474 2397 occulto
1488 2342 1595 2413 judicio
1610 2340 1767 2396 tribulatio

111 2429 251 2485 Dominus
265 2431 343 2485 enim
365 2449 395 2486 es
418 2432 540 2503 ideoque
556 2432 640 2486 laude¹
655 2433 768 2503 diguus.
787 2432 915 2485 Narrabo
965 2428 1048 2482 nibus
1063 2429 1166 2484 affecta
1185 2434 1238 2484 εει.
1256 2432 1377 2486 Causam
1393 2447 1472 2496 vero,
1492 2430 1570 2502 quod
1590 2446 1659 2484 cum
1680 2429 1767 2484 haere-

111 2516 173 2572 aliis
188 2534 238 2573 ore
257 2522 348 2573 mnata
363 2520 510 2586 mirabilia,
525 2520 555 2574 id
571 2525 613 2574 est
629 2520 728 2574 oinnia
747 2521 858 2575 occulta
866 2521 913 2590 ju·
964 2516 1026 2570 ticis
1040 2518 1083 2571 vel
1102 2517 1264 2573 infidelibus
1285 2519 1321 2573 de
1342 2521 1401 2573 lleo
1424 2517 1586 2589 disputavit,
1603 2521 1633 2572 et
1655 2533 1706 2572 eos
1720 2516 1767 2571 de·

110 2604 187 2659 dicia
203 2623 209 2660 :
224 2623 288 2677 quae
314 2624 365 2679 pro
384 2608 525 2679 digniuvtc
545 2611 573 2661 et
589 2608 699 2678 justitia
723 2608 914 2663 admiratione
964 2603 1045 2658 vicit:
1060 2621 1123 2676 quet
1137 2605 1237 2659 omnia
1250 2605 1287 2660 ad
1298 2605 1387 2677 ipsius
1401 2606 1555 2660 utilitatem
1570 2622 1684 2660 cessere
1698 2606 1768 2660 sicut

108 2691 271 2765 dignabunt
283 2712 343 2751 esse
353 2700 412 2760 tua,
423 2696 452 2750 id
464 2700 506 2750 est
522 2713 579 2752 nou
592 2698 746 2751 teureraria
757 2700 787 2749 ut
796 2696 913 2768 qnidam
963 2693 1114 2763 Apostolus
1124 2693 1179 2747 ait:
1193 2716 1207 2742 ι(
1220 2693 1475 2766 Scimusquoniam
1485 2694 1673 2765 diligentibus
1680 2695 1767 2749 Deum

107 2785 211 2854 putant
225 2788 254 2838 et
265 2783 389 2853 injusta:
404 2784 454 2839 sed
468 2784 536 2839 talia
548 2784 644 2855 qualia
658 2789 684 2838 te
698 2784 801 2838 decent
817 2801 823 2838 :
836 2784 914 2852 justa
964 2781 1063 2834 oninia
1075 2786 1268 2851 cooperantur
1279 2783 1307 2835 in
1320 2782 1430 2836 bonum
1441 2781 1767 2852 (nervis-uronsnvhoe

109 2870 224 2925 scilicet.
251 2870 298 2926 Vel
324 2880 381 2937 tuo,
403 2872 431 2926 id
456 2877 536 2927 esta
563 2874 621 2927 Deo
650 2874 732 2927 Patre
762 2872 814 2926 tibi
835 2872 912 2927 data.
960 2867 1102 2940 judicium
1123 2873 1152 2923 et
1164 2886 1279 2924 cauum
1302 2870 1366 2925 ideo
1384 2870 1486 2937 iecisti,
1507 2871 1576 2942 quia
1588 2871 1681 2925 sedisti
1692 2888 1767 2941 super

105 2957 190 3014 Juxta
212 2958 290 3014 illud.
317 2983 331 3011 «ι
356 2961 449 3016 Omne
462 2960 602 3030 judicium
633 2961 718 3014 Pater
739 2961 817 3015 debit
844 2960 914 3014 rino
964 2958 1070 3011 tborum
1099 2960 1148 3029 qui
1171 2958 1277 3028 judicus
1303 2960 1452 3028 justitium,
1480 2959 1510 3013 id
1538 2963 1582 3014 εει
1607 2960 1664 3015 boc
1691 2959 1767 3033 quod

108 3044 201 3120 (doen.
216 3064 243 3113 v,
265 3047 321 3117 22).
339 3067 355 3100 r
376 3048 522 3120 Sequitur.
538 3049 671 3115 Latobor,
688 3049 766 3120 quod
788 3049 826 3105 sic
844 3066 912 3103 con·
960 3047 1070 3117 justum
1084 3048 1136 3101 est.
1160 3046 1220 3101 Non
1241 3047 1329 3102 modo
1344 3047 1446 3119 incipis
1460 3048 1571 3115 sedere,
1587 3048 1638 3103 sed
1654 3064 1767 3121 semper

107 3133 211 3190 tinnat.
229 3137 298 3192 Dico
316 3137 393 3207 quod
416 3138 559 3207 confitebor
574 3156 582 3190 ε
599 3142 628 3191 ει
643 3138 696 3192 hoc
712 3154 770 3192 vion
797 3137 912 3203 invitus,
963 3135 1060 3191 sedisti
1074 3139 1101 3190 ει
1114 3135 1236 3202 sedebis,
1251 3136 1280 3191 id
1296 3140 1339 3192 est
1352 3138 1420 3208 quia
1435 3140 1464 3191 tu
1473 3137 1560 3207 juder
1577 3153 1607 3192 es
1622 3136 1766 3204 omnium,

107 3223 159 3278 sed
175 3224 205 3278 in
220 3224 275 3279 boc
290 3224 415 3279 letabor:
432 3227 460 3279 et
472 3242 529 3280 non
543 3226 687 3280 modicum
703 3227 753 3280 sed
767 3226 912 3292 exsultabo,
963 3230 992 3279 et
1008 3241 1066 3278 non
1084 3224 1215 3296 injustus,
1231 3225 1280 3279 sed
1292 3226 1426 3295 judicans
1435 3226 1521 3296 juste.
1539 3226 1573 3279 at
1587 3242 1655 3280 curn
1671 3225 1767 3281 debuit

108 3307 187 3366 idest
197 3312 914 3385 vehementerlevabor.i:rsuttarenanrquedieitur
963 3312 1058 3368 dicero
1074 3313 1201 3383 judicem
1218 3330 1288 3380 csse,
1307 3314 1391 3385 ponit
1405 3314 1629 3384 descriptionem
1650 3331 1704 3387 pro
1718 3314 1766 3369 de-

107 3399 222 3453 tentam
236 3398 366 3455 laetitiam
378 3401 499 3455 habere:
511 3419 575 3472 quae
589 3402 677 3456 etiam
689 3418 753 3455 cum
761 3402 913 3456 saltatione
963 3401 1187 3474 script0,seilieel
1197 3402 1296 3456 sedere
1304 3402 1765 3473 supertlrronum.tudicumenirn

107 3485 237 3557 corporis
256 3486 432 3540 ostendatur.
458 3489 524 3542 llico
542 3489 651 3542 tactutm
665 3496 689 3542 et
709 3489 843 3542 ecaritate
860 3506 867 3543 :
884 3492 913 3543 et
963 3494 1005 3545 est
1019 3506 1104 3559 super
1118 3490 1255 3544 thronum
1271 3491 1381 3546 sedere.
1392 3492 1522 3545 Thronus
1535 3506 1602 3545 vero
1613 3490 1767 3562 judiciaria

107 3573 163 3629 hoc
174 3576 202 3627 iu
216 3579 249 3640 te,
263 3590 321 3628 non
335 3574 365 3628 in
380 3577 513 3630 terrenis.
528 3578 560 3630 Et
577 3594 633 3631 non
647 3578 739 3631 solum
753 3577 913 3632 coirfitcbor
962 3580 1044 3635 sedes
1063 3580 1175 3634 dicitur.

108 3661 285 3718 intentione:
298 3666 327 3717 et
342 3665 465 3719 narrabo
481 3666 618 3721 aliisorc:
636 3666 685 3719 sed
693 3666 856 3736 praitauria
870 3667 913 3721 est
999 3670 1071 3733 Quia
1085 3687 1151 3724 vero
1163 3669 1292 3740 superius
1307 3670 1417 3725 dixerat
1433 3688 1440 3727 :
1456 3667 1607 3738 Confitebor
1619 3673 1648 3725 in
1662 3689 1767 3726 emorr-

108 3749 185 3806 hene
201 3751 355 3821 operabor,
372 3736 912 3825 23novvvivvitu0,idestadironorem
962 3757 1039 3810 tendo
1067 3760 1205 3813 inr'mt'cum
1226 3776 1313 3812 mettin
1331 3776 1338 3814 :
1356 3763 1453 3829 posset
1484 3761 1573 3830 quaeri
1602 3776 1693 3831 quare
1714 3776 1765 3832 pro

108 3839 235 3894 nominis
250 3840 300 3906 tui,
317 3844 348 3895 ut
370 3845 400 3895 tu
416 3841 483 3896 inde
495 3842 620 3897 lauderis
643 3859 649 3897 :
681 3859 739 3897 uon
757 3845 787 3896 ut
801 3859 855 3913 ego
870 3859 913 3896 su·
962 3844 1070 3899 inimici
1084 3846 1271 3901 conversione
1283 3846 1564 3902 eonfiteretur.Unde
1577 3848 1765 3903 causamsub

107 3927 250 3997 perbiam,
264 3945 279 3981 o
293 3928 439 3995 ditissime,
458 3929 486 3984 id
508 3934 550 3984 est
565 3931 686 4001 dignum
702 3935 745 3985 est
759 3935 790 3985 ut
812 3933 915 3985 vioviiiui
962 3934 1004 3988 dit
1017 3934 1072 3988 sic:
1093 3934 1183 4005 [ligne
1199 3935 1419 4005 confiteborpro
1431 3934 1618 3990 conversione
1634 3935 1764 3990 inimico·

109 4016 273 4085 maurellum
285 4033 351 4071 cum
367 4017 404 4071 sis
418 4017 587 4072 attissimus.
599 4019 647 4072 Vel
661 4018 786 4073 altissime
796 4019 914 4089 ponitur
961 4039 1043 4076 rum:
1060 4040 1128 4077 narn
1137 4040 1189 4094 per
1199 4040 1246 4077 mc
1262 4040 1321 4077 mm
1335 4028 1436 4093 potero
1451 4040 1501 4079 eos
1514 4027 1684 4079 convertere
1698 4023 1765 4079 :sed

108 4101 321 4169 adverbialiter,
340 4104 368 4157 id
384 4108 427 4158 εει
441 4104 578 4159 altissima
597 4110 625 4159 et
640 4110 718 4160 recta
738 4107 911 4175 intentione,
962 4115 993 4166 tu
1009 4113 1149 4182 increpasti
1168 4111 1306 4166 interiore
1326 4111 1533 4181 increpatione,
1554 4111 1583 4165 id
1609 4115 1654 4166 εει
1675 4112 1764 4166 incre-

108 4191 186 4262 quod
200 4195 242 4246 εει
257 4192 324 4247 acsi
341 4192 448 4246 diceret
463 4210 469 4247 :
485 4193 619 4249 laudabo
631 4198 657 4249 ιε
672 4194 832 4263 allectione,
850 4214 910 4263 ore,
961 4199 1042 4270 pubis
1058 4203 1137 4254 metu
1146 4199 1248 4269 judieii
1258 4204 1368 4271 gentes,
1381 4200 1410 4254 id
1425 4203 1468 4253 εει
1479 4198 1764 4270 inimicosgentiliter

108 4282 137 4333 et
148 4294 246 4350 opere,
263 4296 314 4351 pro
326 4281 442 4335 occultis
451 4281 564 4351 judiciis
581 4283 644 4337 tuis.
666 4284 700 4337 Et
714 4285 832 4355 exponit
851 4285 948 4357 ipsal)
960 4287 1086 4342 viventes
1096 4305 1102 4341 :
1113 4287 1247 4358 Elpeio,
1257 4289 1284 4342 id
1296 4293 1336 4343 εει
1347 4288 1452 4359 peribit
1467 4291 1563 4358 irnpius
1571 4288 1607 4342 de
1616 4287 1764 4360 impietate

103 4365 213 4438 judicia
227 4368 284 4422 sic:
301 4370 453 4437 confitetor,
469 4369 606 4439 Nlt“rttbO,
623 4372 752 4427 Psallam.
960 4393 1021 4443 sua,
1038 4376 1068 4430 id
1090 4380 1134 4431 est
1158 4378 1279 4432 cessabit
1301 4394 1362 4431 esse
1378 4377 1492 4448 impius.
1515 4378 1549 4430 Et
1564 4377 1634 4448 quia
1648 4375 1762 4447 peribit,

141 4452 176 4507 Iu
191 4453 371 4511 Convertendo
387 4460 525 4513 iniiru'curn
540 4478 627 4514 oneum
642 4469 795 4528 retrorsvoo,
819 4461 847 4516 id
869 4465 912 4516 est
960 4483 1159 4519 cervicatorum
1173 4465 1272 4532 deusti,
1294 4466 1324 4520 id
1345 4470 1387 4520 est
1408 4465 1516 4521 delebis
1537 4481 1640 4520 corum
1657 4479 1762 4519 nomen

108 4539 139 4596 in
154 4544 384 4601 consideratione
401 4548 604 4616 conversionis,
617 4549 646 4603 id
662 4553 704 4604 est
719 4550 748 4603 in
763 4550 818 4604 hoe
834 4550 911 4620 quod
961 4554 1459 4626 quodestimpius:quodnunquam
1471 4570 1520 4608 eos
1531 4553 1635 4624 impios
1647 4555 1761 4624 reputa·

107 4631 258 4688 considero
274 4633 423 4690 inimicum
439 4654 537 4693 meum
559 4638 787 4693 convertendum
802 4641 910 4693 retror-

107 4733 181 4786 sum,
199 4719 228 4775 id
243 4727 286 4777 est
298 4723 506 4780 devincendum
523 4741 574 4796 per
588 4727 780 4781 constantiam
802 4742 909 4792 meam,

107 4809 239 4879 quodmc
248 4826 306 4866 non
313 4813 528 4884 poteritabono
535 4815 682 4886 proposito
692 4832 757 4870 meo
766 4832 908 4870 rovocare:

106 4900 136 4951 ει
154 4897 222 4953 dicit
242 4916 293 4971 per
312 4901 530 4957 similitudinem
551 4905 678 4958 converti
700 4903 849 4959 inimicum
868 4922 912 4960 rc-

106 4988 243 5044 trorsum.
260 4989 405 5047 Victorum
420 4992 499 5045 enirn
521 4996 550 5045 ει
560 4992 733 5064 fngientium
748 5010 808 5047 csse
827 4994 909 5061 solet,

106 5078 266 5131 retrorsum
286 5081 423 5134 converti.
445 5082 479 5134 Et
493 5082 618 5135 ostemlit
631 5083 777 5153 quomodo
792 5100 910 5137 conver·

960 4642 1014 4708 bis,
1030 4659 1123 4713 neque
1139 4643 1262 4714 amplius
1278 4660 1326 4698 cos
1341 4643 1408 4697 inde
1425 4642 1537 4714 punies,
1550 4644 1677 4696 testante
1690 4639 1762 4696 Scri·

960 4734 1045 4801 ptura
1066 4748 1073 4786 z
1095 4755 1107 4780 α
1124 4730 1153 4785 Si
1168 4731 1304 4785 averterit
1319 4748 1348 4785 se
1363 4730 1468 4803 impius
1483 4730 1519 4785 ab
1535 4729 1687 4801 impietate
1702 4746 1762 4795 sua,

960 4820 1092 4877 omnium
1109 4819 1292 4890 iniquitatum
1309 4820 1370 4889 ejus
1392 4836 1450 4874 non
1465 4819 1640 4874 recordabor
1654 4818 1760 4892 (Erret

959 4908 1100 4979 xerunt).
1113 4929 1127 4956 u
1142 4908 1209 4963 Dico
1218 4908 1296 4979 quod
1306 4908 1422 4963 delebis.
1431 4908 1465 4961 Et
1480 4908 1533 4963 hoc
1547 4910 1575 4961 in
1587 4905 1763 4972 eterouru,id

961 5000 1004 5051 εει
1019 4997 1096 5067 quod
1107 5013 1256 5068 nunquam
1273 4995 1400 5068 quandiu
1418 4997 1474 5051 hoc
1488 4996 1624 5050 soeculum
1637 4996 1762 5063 durabit,

961 5084 1106 5155 reputabis
1121 5101 1169 5139 eos
1190 5084 1294 5155 impios
1309 5101 1378 5139 csse.
1395 5084 1434 5137 Et
1448 5101 1507 5140 non
1523 5086 1617 5139 solum
1632 5084 1662 5139 in
1679 5089 1762 5139 aeter·

107 5167 205 5219 lentur
223 5182 229 5219 :
247 5168 456 5236 infirmabuntur
481 5170 597 5237 scilicet,
620 5171 648 5224 id
675 5175 718 5226 cst
743 5172 851 5228 inllrmi
881 5178 909 5227 ει
962 5190 1032 5228 num
1050 5191 1056 5228 :
1073 5173 1123 5228 sed
1140 5190 1228 5245 usque
1245 5175 1273 5226 in
1288 5174 1413 5227 secretum
1427 5173 1518 5228 saeculi
1531 5173 1616 5243 hujus
1629 5173 1762 5227 subsecu-

107 5252 283 5324 impotentes
303 5257 486 5313 invenientur
506 5259 541 5313 ad
558 5277 604 5314 me
627 5260 812 5315 vincendum.
831 5264 864 5317 Et
882 5263 912 5317 in
961 5261 1097 5328 tivum,et
1110 5262 1138 5316 in
1152 5262 1206 5317 boc
1217 5263 1320 5317 sacculo
1331 5266 1359 5316 ει
1371 5262 1401 5316 in
1413 5261 1673 5317 luturodelebis.ln
1684 5265 1765 5316 aeter·

107 5341 204 5396 tuturo
215 5345 376 5413 peribuotc
391 5347 462 5415 socie
478 5355 534 5413 trra,
551 5348 571 5402 il
592 5351 667 5402 esta
694 5350 847 5421 praesentia
863 5353 912 5405 tua
962 5368 1033 5407 num
1048 5350 1141 5421 ponit,
1169 5368 1227 5406 non
1252 5368 1304 5423 pro
1326 5351 1406 5407 omni
1433 5354 1576 5423 tempore,
1596 5350 1670 5406 sicut
1688 5366 1762 5422 stepo

104 5430 281 5500 recedendo,
295 5433 366 5490 sicut
382 5435 411 5489 in
428 5437 582 5509 Evangelio
599 5437 704 5509 legitur
725 5454 730 5491 :
756 5460 770 5487 «
783 5438 867 5493 lbunt
882 5438 912 5493 hi
961 5440 1095 5513 ponitur,
1120 5440 1169 5495 sed
1185 5457 1236 5511 pro
1254 5442 1333 5495 omni
1357 5440 1449 5513 spatio
1474 5440 1559 5512 bvrjus
1575 5439 1674 5495 saeculi
1693 5440 1764 5494 sicut

104 5517 139 5578 tn
152 5520 324 5592 supplicium
333 5527 476 5581 etorrmm
485 5524 668 5601 (Mutetur,
684 5524 740 5603 26.)
752 5547 767 5576 u
781 5526 913 5584 Veliuflr-
962 5527 1044 5585 alibi:
1057 5512 1125 5599 24
1137 5523 1438 5604 «Dominnsregnabit
1453 5531 1635 5588 inaeternum
1645 5535 1676 5586 et
1688 5531 1763 5587 ultar
