3772 5976
90 311 145 368 ³05
878 309 969 367 ACTA
1696 315 1747 371 306

90 450 179 507 quam
195 431 350 489 excisione
364 432 414 488 illa
427 432 545 500 format,
563 432 764 504 conjecturam
790 433 897 490 dietam
910 439 936 498 A
947 435 1035 490 modo
1045 433 1206 506 precipuus
1223 431 1408 489 institutor.»
1429 434 1512 498 Quod
1527 437 1624 490 autem
1643 436 1680 491 ad
1696 439 1750 493 llu—

94 525 232 579 aberrare
248 521 458 594 ambigendum
474 538 532 576 non
549 524 602 575 est.
948 522 1031 593 genis
1046 521 1074 575 in
1090 521 1239 576 carthusia
1249 520 1511 577 commorationem
1521 523 1748 592 pertinet,luisse

129 616 190 668 501.
202 613 246 667 Ad
259 612 320 666 hoec
337 612 430 666 Victor
447 628 525 665 anno
542 613 608 665 1086
629 612 665 666 ad
687 611 791 666 solium
804 608 898 682 ponti·
947 610 1749 682 hancsaneadmodumfreqnentem‚ejusdemqueillum

91 702 173 756 ficate
185 701 238 755 fuit
249 704 373 765 evectus,
390 692 686 772 necvitamprotraxit
700 701 775 754 ultra
786 714 897 754 annum
948 701 1079 770 ternpore
1090 700 1540 769 adCartbusianorumexemplar
1556 718 1588 754 ac
1604 716 1749 768 normam,

90 790 222 861 proxime
243 791 425 860 sequentem,
441 803 497 858 quo
511 786 536 841 ei
555 787 686 842 Urbanus
699 789 721 841 ll
741 787 872 841 suecessit
888 804 896 856 3
947 790 1023 843 uude
1040 793 1068 843 ot
1078 807 1130 860 pro
1147 790 1334 844 carthusiano
1353 790 1570 861 quodammodo
1585 790 1685 843 haberi
1698 806 1750 860 pe·

90 895 151 934 non
167 877 305 933 exstitisse
319 879 417 931 autem
428 879 495 930 ante
512 880 637 948 tempus,
651 893 708 947 quo
724 877 855 930 Urbanus
874 878 898 930 ll
948 877 1043 943 tuerit,
1057 878 1145 932 vitam
1160 895 1241 932 suam
1258 879 1295 933 ad
1312 878 1449 933 amussim
1458 877 1595 948 exegisse,
1606 878 1750 933 decetnos

90 967 119 1023 S.
136 967 211 1022 Petri
224 966 393 1020 cathedram
410 979 551 1035 occupare
565 964 660 1036 coepit,
673 964 833 1036 pontificias
852 964 898 1019 lit·
947 964 1052 1019 iterum
1068 965 1156 1037 Guigo
1173 967 1202 1020 iu
1216 966 1377 1038 conscripta
1390 984 1406 1021 a
1418 966 1543 1020 sesancti
1554 965 1628 1020 illins
1639 964 1750 1020 antisti-

90 1057 177 1121 teras,
194 1052 304 1108 ordinis
320 1051 528 1107 carthusiensis
545 1053 682 1107 facientes
705 1053 896 1123 mentionem,
949 1052 984 1106 tis
997 1053 1059 1109 Vita
1071 1054 1177 1125 partim
1192 1054 1284 1109 verbis
1304 1071 1391 1126 supra
1415 1055 1470 1108 linc
1480 1054 1544 1124 jam
1559 1053 1749 1123 transcriptis,

92 1158 256 1212 anonymus
272 1139 434 1212 primorum
450 1139 576 1212 quinque
599 1139 756 1196 Carthusiae
769 1140 898 1212 priorum
948 1142 1054 1213 partim
1071 1143 1223 1215 liisee,quee
1235 1144 1407 1198 nuncsubde
1428 1160 1435 1198 ι
1456 1145 1511 1196 «ln
1525 1145 1639 1197 tantum
1653 1145 1750 1196 autem

90 1229 341 1301 chronographus,
369 1245 419 1282 seu
441 1228 588 1300 antiquior
613 1228 709 1284 Sancti
726 1228 816 1284 nostri
837 1229 898 1285 bio·
950 1230 1544 1302 (S.Hugovidelicet)eremumtcarthusiee
1561 1230 1664 1285 eumS.
1681 1231 1753 1284 Bru·

91 1319 228 1390 graphas,
245 1316 294 1389 qni
318 1316 437 1387 majoris
452 1317 549 1388 utique
573 1317 641 1372 fidei
664 1317 899 1389 auctoritatisque
949 1338 1026 1376 none
1041 1320 1158 1392 ejusque
1171 1320 1263 1391 sociis)
1283 1320 1401 1375 devotus
1416 1320 1559 1374 incolebat
1574 1324 1603 1374 et
1625 1318 1750 1388 sedulus,

93 1410 137 1462 est
151 1422 238 1478 quam
255 1405 402 1472 metricus,
420 1405 455 1459 de
468 1406 588 1477 quohie,
605 1406 780 1478 biographus
792 1407 897 1461 Zacha·
949 1413 981 1464 ut
995 1426 1061 1464 eum
1077 1408 1314 1480 niagisterBrune
1324 1408 1753 1480 nonnunquamexirecompel·

92 1495 151 1550 rias
177 1494 356 1558 Benedictus,
383 1512 440 1549 non
470 1495 590 1549 obscure
620 1495 717 1564 decet3
745 1498 898 1568 postquam
948 1500 1030 1564 leret,
1044 1499 1095 1563 lte,
1110 1498 1216 1565 dicens,
1233 1498 1272 1552 ite
1287 1498 1325 1552 ad
1340 1514 1405 1552 eves
1423 1497 1655 1568 vestras,eisque,
1675 1494 1753 1567 quod

92 1584 172 1639 enim
188 1586 224 1639 ab
238 1584 354 1637 Urbano
374 1582 396 1635 ll
419 1583 529 1637 litteras
544 1583 619 1637 infra
633 1585 688 1637 huc
704 1584 898 1638 transcriben·
949 1587 1069 1652 dehetis,
1086 1588 1229 1642 exsolvite.
1248 1589 1287 1642 Eo
1302 1591 1443 1657 tempere,
1461 1602 1576 1658 magnae
1601 1589 1754 1658 pauperta÷

92 1675 154 1741 das,
171 1673 274 1745 quibus
287 1671 431 1744 siguinus,
449 1672 593 1727 cesae-Dei
607 1673 705 1739 abbas,
718 1672 899 1727 carthusiam
949 1676 985 1729 tis
999 1679 1028 1729 et
1040 1675 1209 1730 humititatis
1222 1675 1324 1729 ardore
1333 1691 1493 1741 succensus,
1510 1674 1597 1728 voluit
1610 1673 1753 1744 equitatu·

91 1762 243 1819 Landuino
254 1762 396 1832 hujusque
406 1760 498 1826 sociis,
508 1760 556 1833 qui
565 1778 641 1829 eam,
650 1762 898 1816 Brunoneabeun-
912 1761 995 1820 Bras
1009 1781 1074 1819 suas
1085 1767 1202 1819 cunetas
1211 1763 1347 1830 vendere,
1364 1765 1393 1817 et
1404 1763 1493 1817 diviso
1506 1761 1752 1832 pauperibuspre·

91 1856 120 1906 te
156 1852 291 1917 Romam,
319 1850 517 1915 deseruerant,
542 1849 693 1905 restituere
719 1851 813 1920 jussus
834 1850 898 1919 fnit,
949 1851 1000 1917 tio,
1021 1851 1144 1923 propriis
1158 1851 1278 1924 pedibus
1306 1852 1335 1905 in
1350 1851 1554 1923 praedicatione
1582 1849 1752 1904 discurrere.

91 1940 212 2011 scriptas
227 1939 324 2004 fuisse,
341 1955 423 1992 num.
438 1942 470 1992 to
486 1939 593 2005 retulit,
618 1956 700 1993 num.
713 1939 845 2010 proxime
859 1956 901 1994 se·
950 1939 1006 1994 Sed
1032 1940 1121 1994 homo
1137 1940 1273 2012 profundi
1298 1940 1402 2006 cordis,
1418 1939 1556 2010 magister
1571 1939 1665 1993 Bruno
1681 1936 1755 1991 scili·

91 2028 193 2102 quenti
208 2027 409 2098 subjungitz«
425 2027 459 2080 Et
474 2025 535 2080 istie
551 2025 684 2080 videntur
697 2026 799 2099 primas
821 2026 900 2081 litte·
950 2029 1004 2093 eet,
1021 2027 1101 2097 eujus
1121 2027 1245 2082 consiliis
1273 2043 1332 2082 non
1360 2027 1453 2093 aliter,
1488 2042 1576 2097 quarn
1604 2023 1755 2095 praeceptio

91 2133 133 2171 ιω
149 2116 275 2188 papales,
285 2131 349 2186 quae
360 2113 548 2168 inveniuntur
561 2113 595 2169 de
607 2113 899 2169 ordinecarthnsien·
950 2114 1172 2185 obtemperabat
1186 2115 1306 2181 abbatis,
1335 2130 1393 2168 non
1418 2112 1561 2168 consensit
1585 2112 1701 2178 timens,
1717 2127 1755 2166 ne

91 2204 115 2259 si
131 2205 228 2259 facere
240 2202 457 2258 mentionem.»
473 2204 537 2257 tam
551 2219 629 2270 vero,
643 2219 709 2257 eum
723 2202 898 2272 litteraeilloe,
950 2202 1026 2272 apud
1040 2219 1070 2256 se
1083 2202 1181 2257 forsan
1190 2203 1384 2269 extolleretur,
1392 2204 1442 2256 ant
1457 2218 1473 2255 a
1488 2199 1599 2255 caeteris
1610 2199 1646 2254 de
1660 2199 1755 2270 singu·

92 2309 166 2364 quas
180 2310 214 2348 ex
230 2291 312 2347 dictis
322 2292 453 2346 Urbanus
466 2290 586 2362 scripsit,
599 2291 701 2363 primae
714 2291 848 2363 sint,qure
856 2308 901 2347 or·
950 2290 1063 2345 laritate
1086 2291 1266 2361 judicaretur
1295 2289 1454 2361 episeopis;
1473 2292 1522 2344 aut
1536 2288 1624 2359 (quod
1635 2287 1756 2342 dubium

91 2381 169 2436 dinis
185 2380 392 2438 carthusiensis
404 2380 585 2435 mentionem
596 2380 690 2435 facere
706 2380 899 2448 inveniantur,
951 2395 1010 2433 nou
1022 2379 1093 2449 erat)
1114 2379 1246 2450 idipsum
1255 2382 1375 2450 propter
1387 2377 1572 2450 asperitatem
1588 2380 1618 2430 et
1632 2376 1758 2447 inaqua-

89 2469 195 2524 litteris
209 2468 322 2540 seriptis
334 2469 472 2525 allictore
485 2471 519 2523 lll
530 2468 685 2524 carthusia
698 2469 900 2524 fundationem
950 2466 1062 2521 litatem
1078 2467 1216 2522 itinerum
1233 2484 1437 2522 consummare
1448 2483 1508 2522 non
1523 2466 1629 2536 posset.
1646 2485 1660 2513 »

90 2557 296 2612 confirmatam
306 2575 357 2612 seu
374 2558 564 2631 approbatam
581 2557 746 2625 nonfuisse,
759 2557 901 2630 proindu-
986 2558 1048 2610 503.
1060 2557 1116 2610 ileo
1124 2559 1249 2623 tantum,
1259 2556 1338 2627 quud
1343 2557 1405 2627 J'am
1416 2555 1520 2622 disier
1533 2553 1611 2608 hisee
1623 2551 1758 2623 Guigonis

90 2645 195 2713 bitato,
221 2646 376 2701 accedente
405 2649 547 2718 praeterea
573 2645 726 2701 universali
750 2646 785 2700 de
800 2662 832 2700 re
847 2646 900 2700 hae
951 2644 1044 2698 verbis
1070 2644 1250 2716 intelligitur,
1280 2661 1379 2699 verum
1409 2645 1496 2698 etiam
1522 2643 1673 2712 Hugonem
1698 2656 1757 2695 non

92 2733 268 2804 scriptorum
291 2732 423 2788 omnium
438 2733 626 2804 antiquorum
646 2733 771 2799 silentio,
795 2737 838 2788 est
851 2733 901 2789 ha·
949 2732 1057 2787 minori
1071 2732 1102 2786 in
1116 2732 1144 2786 S.
1162 2734 1326 2787 Brunonem
1343 2731 1638 2801 veneratione,quam
1654 2728 1757 2784 aflectu

90 2821 237 2885 bendum;
255 2821 423 2891 utproinde
448 2821 599 2876 Zacharias
627 2820 796 2876 Benedictus
810 2820 838 2874 id
861 2821 901 2875 fa·
950 2820 1046 2888 fuisse,
1060 2822 1230 2892 tantamque
1241 2837 1306 2875 eam
1322 2820 1472 2885 exstitisse,
1491 2823 1521 2873 ut
1536 2818 1617 2873 illum
1646 2815 1757 2872 abbatis

91 2911 184 2976 ctum,
201 2927 354 2981 perperam
367 2910 485 2965 notarit.
498 2911 555 2966 Nec
565 2927 598 2966 ex
609 2910 664 2965 hoc
678 2913 790 2966 tautum
804 2909 901 2965 metri·
950 2909 1167 2980 quodammodo
1186 2910 1249 2963 loce
1265 2909 1396 2963 haberet.
1412 2908 1482 2963 llinc
1498 2904 1757 2976 meritoantiquior

91 3016 143 3054 cus
154 2999 200 3053 hic
213 2998 303 3053 saneti
315 2999 491 3070 biographus
502 3000 608 3056 erroris
622 2999 786 3070 arguendus
796 2998 898 3066 venit3
950 2997 1047 3052 Sancti
1077 2996 1167 3051 nestri
1195 2996 1372 3067 biographus
1402 2996 1580 3066 transcriptis
1590 2998 1652 3048 tum
1667 2993 1755 3061 hisce,

90 3086 295 3141 verumetiam
311 3104 344 3141 ex
361 3103 406 3155 eo,
425 3087 503 3158 quod
527 3087 556 3142 S.
572 3088 735 3160 Hugonem,
751 3087 899 3141 Gratiano·
913 3047 937 3105 C
950 3090 1012 3140 tum
1029 3085 1100 3152 aliis,
1112 3085 1336 3156 quaejamsupra
1347 3085 1495 3151 datasunt,
1511 3083 1647 3154 cuigonis
1662 3081 1756 3137 verbis

91 3176 254 3246 politanum
277 3176 456 3247 episcopum,
486 3175 718 3233 carthusiensem
735 3175 867 3229 habitum
883 3191 901 3230 a
950 3191 1031 3228 num.
1055 3175 1087 3228 lt
1109 3173 1273 3245 subjungit:
1288 3173 1415 3228 «Omnia
1433 3172 1572 3245 praedicta
1586 3173 1653 3225 sunt
1669 3169 1756 3225 verbe

92 3263 122 3318 S.
137 3265 272 3319 Brunone
285 3264 451 3335 suscepisse,
469 3264 721 3336 carthusianisque
734 3263 805 3318 adeo
814 3263 900 3318 fuisse
951 3262 1051 3317 domni
1066 3261 1202 3334 Guigonis
1217 3263 1323 3334 scripta
1337 3261 1438 3316 inVita
1454 3261 1483 3315 S.
1495 3259 1633 3330 llugonis,
1644 3257 1754 3313 Gratia·

92 3353 183 3407 ctiam
196 3352 365 3423 ascriptum,
378 3353 528 3407 memoriae
542 3353 663 3425 prodat;
681 3352 790 3407 etenim
797 3351 839 3405 rei
850 3353 900 3405 hu·
951 3351 1110 3421 nopoliteni
1122 3349 1542 3424 episcopi,quaehicinserenda
1552 3346 1755 3419 judicavimus,

88 3442 137 3513 jus
145 3441 279 3512 nuspiam
306 3441 441 3496 meminit
457 3441 557 3512 Guigo,
583 3440 709 3512 llugonis
725 3439 901 3496 accuratissi-
951 3438 1017 3511 quia
1030 3439 1059 3493 iu
1072 3439 1112 3495 eis
1126 3440 1287 3512 primordia
1304 3438 1480 3493 fundationis
1495 3436 1755 3492 Carthusiaedecla·

91 3546 157 3584 mus
182 3529 297 3601 fideque
326 3528 511 3602 dignissimus
535 3529 721 3599 biographus,
738 3528 787 3601 qui
800 3531 900 3584 tamma
950 3530 1061 3593 rantur,
1074 3533 1103 3582 et
1113 3528 1244 3599 magistri
1263 3527 1404 3581 Brunonis
1416 3526 1585 3581 excellentia
1599 3523 1756 3580 innotescit

90 3633 169 3683 eam,
182 3616 325 3685 siluisset,
337 3617 417 3672 omni
431 3616 518 3672 dubio
530 3617 629 3687 procul
640 3616 769 3683 sciturus,
784 3617 899 3674 scitam·
950 3620 980 3674 ct
993 3616 1022 3671 in
1035 3617 1089 3671 boc
1106 3617 1182 3688 quod
1197 3617 1292 3671 eidem
1307 3618 1367 3670 tam
1376 3615 1556 3681 venerahilis,
1565 3618 1626 3668 tam
1640 3616 1755 3668 sanctus

91 3721 148 3777 que
164 3704 266 3760 litteris
278 3705 536 3760 commendaturus
551 3704 660 3759 fuisset.
952 3706 1100 3777 episeopus
1116 3722 1181 3759 cum
1197 3708 1278 3759 tanta
1289 3703 1452 3759 reverentia
1465 3703 1503 3757 sic
1513 3703 1693 3757 ferventeret
1704 3703 1755 3756 hii-

129 3796 192 3848 502.
214 3795 265 3847 Ast
285 3793 332 3847 hic
359 3810 450 3860 error,
478 3792 657 3848 asubdititie
673 3791 824 3863 Sigeberto
844 3790 902 3863 (adi
952 3794 1058 3848 militer
1073 3794 1248 3847 adhaerebat.
1262 3812 1275 3841 u
1301 3792 1423 3846 llaximo
1447 3808 1532 3862 porro
1553 3791 1582 3844 in
1602 3807 1702 3845 amore
1721 3805 1754 3844 ao

91 3898 175 3937 num.
192 3882 254 3953 297)
268 3881 397 3951 primum
409 3882 562 3953 profectus,
591 3884 735 3951 uteunque
764 3895 900 3934 excusan·
951 3882 1043 3953 pretio
1064 3882 1140 3952 apud
1159 3881 1188 3936 S.
1209 3882 1360 3951 Hugonem
1377 3880 1515 3934 exstitisse
1542 3880 1681 3933 Sanctum
1700 3894 1753 3932 uo·

92 3969 278 4026 dusridetur:
291 3969 345 4024 etsi
352 3969 431 4024 enim
439 3971 518 4042 llugo
530 3971 661 4024 habitum
669 3969 900 4025 carthusiensem
952 3974 1042 4025 strum
1054 3970 1171 4041 ejusque
1188 3970 1288 4037 socius,
1302 3972 1379 4023 recte
1398 3968 1486 4023 etiam
1500 3967 1673 4023 concluseris
1689 3969 1751 4020 tum

93 4075 250 4130 nunquam
265 4059 403 4125 induerit,
420 4058 625 4114 Cartbusianus
643 4063 743 4113 tamen
758 4058 899 4130 quodem·
952 4075 986 4113 ex
1001 4059 1109 4124 charta,
1126 4075 1224 4130 quam,
1244 4058 1267 4112 si
1283 4057 1461 4113 hlabillonius
1485 4057 1590 4128 (neque
1613 4055 1692 4111 enim
1716 4069 1755 4110 an

92 4148 183 4207 modu
194 4147 333 4203 aestimari
346 4147 451 4219 potuit,
462 4151 524 4203 tum
538 4150 574 4204 ob
591 4148 854 4220 desideriumque,
870 4147 902 4202 ut
951 4148 1013 4202 hee
1027 4146 1139 4218 uspiam
1154 4148 1264 4214 existat,
1286 4147 1361 4219 novi)
1382 4147 1553 4202 Praefatiene
1571 4145 1601 4199 in
1618 4145 1713 4200 saeeuli
1727 4161 1755 4199 rr

93 4236 328 4303 Carthasianum‚
346 4237 478 4291 abdicato
495 4237 670 4309 episcopatu,
691 4237 820 4309 profiteri
835 4253 902 4308 pos·
951 4237 1128 4292 Benedictini
1143 4242 1224 4308 parte
1239 4254 1270 4304 n,
1285 4254 1366 4292 uum.
1382 4240 1414 4292 86
1437 4240 1515 4291 recte
1527 4238 1618 4301 notet,
1635 4234 1680 4288 vir
1696 4249 1755 4289 uno

93 4328 147 4392 set,
164 4327 267 4381 arsisse
282 4326 471 4396 dignoscitur,
485 4329 547 4380 tum
563 4326 600 4380 ob
615 4325 862 4397 singularemque
871 4325 901 4379 in
914 4334 940 4393 D
951 4343 1051 4380 mense
1065 4326 1179 4397 integro
1201 4328 1266 4398 post
1284 4326 1312 4380 S.
1332 4325 1474 4381 Brunenis
1487 4323 1524 4379 ad
1539 4325 1694 4395 llngonent
1711 4339 1757 4377 ac·

94 4414 470 4482 Carthusianosferebatur,
498 4413 632 4469 affectum
660 4415 902 4487 frequentemque
952 4429 1062 4470 cessum
1075 4416 1247 4486 presbyteris
1257 4420 1285 4470 et
1299 4415 1376 4470 laicis
1387 4415 1428 4469 sui
1443 4413 1625 4487 episcopatus
1641 4417 1756 4467 sanctus

92 4519 159 4559 cum
171 4503 249 4558 hisce
262 4503 293 4558 in
307 4503 457 4558 carthusia
466 4503 738 4559 commorationem.
755 4504 795 4557 Ac
811 4502 901 4558 maxi·
951 4502 998 4557 ille
1013 4504 1131 4559 antistes
1154 4504 1274 4577 scripsit,
1301 4504 1480 4575 praecipiens,
1506 4504 1568 4558 «Ut
1584 4519 1621 4558 ne
1636 4502 1756 4557 femina

92 4607 178 4647 mum
189 4591 307 4663 quidem
318 4592 346 4648 S.
362 4591 489 4663 flugonis
509 4590 540 4646 in
555 4591 583 4646 S.
600 4593 765 4648 Brunonem
782 4592 901 4648 carthu·
952 4592 1054 4663 (Verba
1068 4595 1135 4647 sunt
1156 4592 1318 4663 llabillonii)
1333 4595 1483 4648 transeant
1496 4609 1549 4665 per
1562 4596 1670 4648 terram
1691 4591 1757 4646 car-

92 4678 389 4753 stanesqneauoctum
400 4680 603 4753 fuisse,palam
621 4683 664 4735 est
679 4684 740 4735 tum
753 4698 787 4736 ex
800 4681 903 4753 Guigo-
951 4681 1053 4737 thusiae
1069 4681 1203 4750 fratrum,
1214 4681 1274 4753 qui,
1289 4684 1347 4737 lieo
1362 4683 1474 4752 placere
1499 4681 1657 4754 cupientes,
1671 4696 1760 4735 mun·

93 4768 140 4824 nis
158 4768 251 4825 verbis
261 4770 430 4842 suprahunc
439 4768 628 4839 transcriptis,
644 4772 708 4824 tum
721 4787 754 4825 ex
762 4786 796 4825 eo
813 4770 901 4842 quod,
953 4771 1021 4825 dum
1037 4773 1066 4825 et
1079 4771 1178 4826 turbas
1198 4770 1365 4842 fugiebant5
1391 4775 1420 4826 et
1440 4789 1477 4827 ne
1504 4771 1657 4843 quisquam
1680 4768 1759 4823 intra

92 4857 329 4914 utGuibcrtusde
344 4857 630 4930 Novigentolib.1de
641 4857 704 4912 Vita
720 4875 770 4912 sua
788 4875 851 4929 cap.
870 4863 898 4915 tl
952 4860 1093 4914 terminos
1112 4860 1240 4932 ipsorum
1266 4860 1466 4931 possesssionis
1496 4858 1689 4932 piscationem
1708 4857 1758 4910 aut

94 4945 834 5018 docet,eabbatisuquodammodoac«previsorise
850 4947 902 5002 do·
951 4948 1136 5002 renationem
1163 4952 1303 5016 exerceat,
1330 4951 1358 5003 et
1374 4965 1425 5003 sua
1449 4947 1586 5002 animalia
1612 4943 1765 5016 pascendo·

94 5051 162 5093 mus
191 5035 399 5091 carthusiensis
426 5036 568 5103 erices»
597 5053 662 5090 cum
693 5035 799 5089 scilicet
820 5052 852 5089 er
869 5052 904 5090 ea
954 5035 1085 5101 deducat,
1098 5056 1111 5083 ι)
1129 5038 1191 5091 tum
1207 5055 1240 5091 er
1254 5055 1287 5092 eo
1305 5038 1382 5108 quod
1396 5037 1501 5091 Sancto
1517 5035 1634 5105 ejusque
1663 5031 1758 5100 sociis,

94 5125 193 5180 Bruno
212 5125 275 5196 jam
303 5127 485 5193 discessisset,
511 5142 598 5197 agere
627 5129 762 5197 gravatus
779 5143 837 5181 uon
868 5126 904 5181 sit
954 5123 1092 5196 quidquid
1118 5126 1170 5180 sihi
1200 5127 1227 5180 in
1259 5126 1439 5181 Carthasiam
1463 5123 1535 5194 juris
1566 5122 1758 5193 competeret,

95 5216 212 5269 sanctus
226 5215 273 5270 ille
284 5215 687 5286 antistes.hereditantiquior
704 5216 802 5271 Sancti
814 5215 904 5271 nostri
954 5218 1045 5272 libens
1060 5215 1184 5282 cesserit,
1192 5215 1464 5285 verosimillimeque
1473 5212 1574 5279 etiam,
1584 5215 1616 5264 ut
1628 5211 1775 5271 eremana

94 5302 283 5374 biographus,
309 5304 438 5375 quicum
462 5303 502 5358 ita
524 5304 554 5356 in
570 5304 703 5359 ordinem
727 5305 905 5376 domumque
955 5323 1057 5372 verina,
1086 5307 1247 5359 Puteanurn
1264 5304 1368 5356 iterum
1383 5302 1512 5372 aliosque
1528 5299 1628 5354 Sancti
1646 5297 1762 5368 biogra-

98 5391 329 5446 Carthusieusem
344 5392 516 5447 beneficium
531 5391 712 5460 fuisse,num.
726 5393 907 5459 liseribitmt
956 5395 1028 5466 phos
1043 5394 1095 5448 sibi
1107 5393 1318 5447 consentientes
1328 5391 1447 5457 habens,
1467 5390 1605 5455 affirmat,
1622 5385 1769 5453 effecerit,

96 5486 163 5537 tum
175 5481 270 5553 hiujus,
283 5486 348 5538 tum
362 5482 436 5539 illins
448 5499 515 5538 cum
533 5482 562 5536 S.
576 5482 713 5539 Brunone
739 5483 792 5539 dici
819 5482 909 5555 possit
958 5483 1058 5550 utalii,
1078 5482 1125 5555 qui
1145 5482 1174 5536 in
1199 5480 1332 5535 eamdem
1362 5496 1495 5534 eremum
1512 5478 1584 5551 juris
1611 5475 1762 5549 quidpiam

97 5569 909 5645 ‹cuneronetquammnonpnmusoamenquodam-
957 5572 1108 5638 haberent,
1139 5569 1165 5625 ei
1195 5569 1263 5625 data
1287 5568 1388 5626 charte
1405 5568 1520 5641 publiea
1535 5567 1565 5625 in
1592 5566 1622 5623 S.
1636 5601 1641 5611 ·
1656 5567 1776 5621 Bruno··
1808 5602 1811 5607 ι
