3772 5976
112 281 166 356 itt
598 288 777 358 musmo
794 293 831 356 IN
848 288 1017 355 PSALEOS.
1034 323 1069 340 -
1084 292 1186 359 rsit.
1206 290 1295 358 LXVII
1449 326 1468 375 j
1723 298 1777 370 tu

112 413 193 491 fessr'o
208 413 322 489 dicitur,
338 413 408 477 fides
422 413 577 491 accipitur;
593 435 626 476 ex
640 436 698 494 qna
712 416 853 477 confessio
868 415 919 476 Dei
928 423 955 484 Α
967 421 1117 490 taurorum,
1142 418 1173 477 id
1188 421 1231 477 est
1245 418 1450 480 hereticorum
1472 421 1521 498 qui
1547 418 1678 485 dicentur
1699 427 1775 491 tauri

114 511 283 582 generatur.
296 510 350 564 Per
362 510 489 565 Zabulon
501 512 598 566 autem
613 510 661 582 qui
674 509 805 581 fortitudo
821 512 914 576 sonat,
967 523 1001 562 eo
1016 509 1094 580 quod
1107 511 1320 584 superbierunt
1336 516 1366 567 ut
1381 514 1454 569 tauri
1479 517 1527 586 qui
1541 516 1673 573 cervicosi
1698 523 1775 588 sunt,

115 615 179 671 spes
192 598 372 670 intelligitur,
386 616 451 671 quae
465 599 554 655 fortes
569 599 600 654 in
616 598 747 671 passione
764 598 862 653 fideles
877 598 916 653 fa·
966 596 1021 650 erit
1049 599 1077 652 in
1107 602 1192 654 oneris
1225 600 1390 671 populorum
1418 603 1557 671 fidelium,
1579 606 1609 661 id
1623 612 1665 661 est
1676 607 1776 679 injam

113 687 162 743 cit.
179 689 234 742 Per
248 688 412 759 Nepbtalim
428 705 494 743 vero
510 704 574 760 quoe
587 687 691 742 dicitur
705 686 837 752 dibtotio,
852 687 917 741 aba·
967 683 1203 756 dictisfrdelibus,
1219 689 1267 760 qui
1283 690 1391 745 debiles
1418 693 1552 747 eruntad
1568 695 1687 751 modum
1711 714 1774 753 vac·

112 777 183 834 ritas
198 777 364 843 denotatur,
374 794 437 849 qum
454 778 591 850 usquead
606 775 715 831 inimici
728 776 817 830 etiam
829 775 916 830 dilec·
966 788 1078 841 carum,
1092 793 1156 848 quae
1165 777 1317 833 debiliores
1333 782 1399 834 sunt
1408 781 1506 836 tauris.
1517 781 1599 845 Quod
1613 784 1774 841 estdicere:

112 866 224 922 tionem
242 864 387 920 dilatatur.
409 860 817 937 Apostoliquippeprinbipes
837 863 915 931 fidei,
965 862 1043 917 blulti
1059 867 1144 918 erunt
1160 866 1297 933 haretici,
1328 869 1376 939 qui
1406 870 1458 925 sibi
1485 873 1591 926 multos
1620 872 1777 931 idiotarum

114 956 175 1026 spei
191 957 220 1009 ει
231 954 378 1010 charitatis
390 955 520 1011 Ecclesiae
542 955 684 1020 exstitere,
705 970 772 1009 cum
790 953 843 1008 ista
862 952 918 1008 tria
968 952 1203 1009 conformabunt.
1217 956 1257 1010 Ne
1274 973 1340 1011 vero
1351 958 1496 1014 videretur
1510 962 1584 1015 Deus
1597 978 1645 1017 eos
1655 964 1775 1034 permit·

114 1043 251 1099 habenda
272 1060 333 1098 esse
352 1043 554 1115 predicavere.
573 1043 713 1115 Principes
740 1041 804 1098 dico
829 1040 916 1096 futuri
967 1041 1027 1095 tere
1040 1041 1193 1110 dominari,
1212 1045 1272 1100 sine
1287 1047 1369 1101 omni
1397 1065 1515 1104 suorum
1541 1051 1673 1121 utilitate,
1699 1054 1777 1126 quod
1876 1052 1881 1060 ’

113 1133 193 1187 duces
206 1132 323 1187 illorum
338 1132 444 1188 seilicet
456 1132 553 1200 Israel,
565 1131 595 1187 id
610 1136 652 1187 est
668 1131 799 1186 Ecclesia
818 1131 923 1186 totius.¹
968 1128 1174 1185 inconveniens
1187 1133 1409 1204 existimaretur,
1421 1137 1501 1192 addit
1513 1154 1520 1192 z
1534 1139 1576 1194 Ad
1591 1142 1646 1195 boc
1670 1142 1777 1198 scilicet

56 1234 69 1257 ·
114 1221 233 1277 Illorum
246 1225 344 1277 autem
357 1222 410 1276 etsi
424 1238 505 1276 casus
514 1220 632 1294 pluralis
647 1220 693 1286 sit,
709 1221 745 1275 ad
757 1220 853 1286 lsrael,
869 1217 917 1290 qui
968 1217 996 1271 in
1011 1221 1096 1273 vaccis
1105 1221 1278 1292 populorum,
1290 1228 1321 1278 ut
1336 1225 1476 1280 excludunt
1491 1229 1776 1289 amassaidiotarum

113 1309 269 1382 singularis
284 1327 365 1366 casus
379 1314 422 1366 est
437 1326 565 1381 congrue
578 1309 713 1365 refertur.
730 1310 778 1364 Est
793 1308 872 1363 onim
887 1307 918 1363 in
967 1310 1066 1380 eosqui
1074 1309 1185 1379 probati
1206 1317 1278 1378 sulit,
1304 1312 1334 1367 id
1350 1318 1393 1368 est
1406 1315 1526 1386 perfecti
1555 1315 1583 1370 in
1600 1326 1719 1388 arqento,
1746 1320 1777 1378 id

113 1415 200 1456 seusu
212 1400 340 1470 pluralis,
355 1399 385 1454 in
400 1401 562 1455 litteratura
576 1398 739 1471 singularis.
968 1399 1011 1451 εει
1024 1396 1054 1451 ιιι
1068 1396 1302 1472 scripturaque
1314 1401 1405 1457 nitida
1411 1406 1455 1457 est
1470 1407 1501 1458 ut
1511 1407 1679 1475 argentum3
1695 1408 1776 1463 velin

150 1488 304 1544 Enuntiata
329 1473 428 1560 248
455 1489 586 1544 Ecclesia
609 1487 825 1556 constitutione,
854 1490 918 1542 orat
967 1487 1099 1557 argento,
1116 1485 1146 1541 id
1161 1490 1204 1541 est
1218 1488 1248 1542 in
1260 1488 1397 1545 facundia
1409 1492 1483 1547 bene
1495 1495 1653 1564 resonanti,
1670 1497 1706 1551 ad
1716 1515 1776 1554 mo-

113 1577 206 1632 Deum
220 1577 335 1632 Patrem
351 1580 382 1632 ut
395 1577 489 1633 officio
504 1577 566 1632 Filii
582 1575 659 1632 istud
674 1575 752 1649 quod
771 1575 916 1649 propheti·
966 1573 1036 1628 dum
1052 1575 1177 1645 argenti.
1192 1576 1275 1640 Quod
1288 1581 1331 1633 est
1354 1579 1449 1636 dicere
1460 1597 1467 1638 :
1478 1582 1514 1637 Ut
1538 1598 1592 1654 per
1617 1601 1718 1641 eorum
1735 1603 1777 1642 sa-

112 1665 187 1720 ravit
201 1667 391 1737 compleatur,
407 1667 446 1721 sic
463 1665 545 1721 :Dixi
559 1666 637 1738 quod
648 1669 750 1736 gentes
760 1665 915 1720 turbabun·
964 1662 1319 1732 parationemalldelibus
1347 1668 1533 1739 sapientibus,
1563 1678 1722 1744 appareant
1746 1679 1776 1733 et

112 1755 171 1821 tur,
187 1757 215 1808 et
230 1758 308 1810 terra
322 1755 494 1822 movebitur,
506 1758 535 1810 ει
548 1757 623 1810 Deus
638 1753 803 1825 confringet
821 1753 915 1825 capita
926 1744 952 1805 B
965 1751 1187 1807 manifestentur
1201 1753 1254 1825 ipsi
1269 1755 1377 1825 lldeles,
1393 1757 1423 1811 in
1434 1757 1776 1831 Scripturarumscientia

113 1839 312 1907 inimicorum,
327 1847 356 1897 et
371 1846 520 1899 convertet
534 1859 583 1897 eos
596 1859 631 1897 ex
644 1843 754 1897 Basan:
771 1844 801 1896 et
810 1844 914 1896 cratera
965 1841 994 1894 et
1008 1839 1037 1894 in
1053 1841 1219 1912 eloquentia
1241 1844 1366 1915 probati.
1382 1845 1435 1909 Qui
1446 1846 1530 1902 aliter
1545 1865 1604 1904 non
1628 1851 1775 1910 manifesti

113 1930 184 1986 talia
195 1948 259 2003 quoa
268 1931 378 2002 predixi
386 1933 466 1986 flent.
478 1933 512 1986 Et
526 1935 556 1986 ut
568 1932 630 1986 haec
642 1929 913 2003 omniacomplean·
964 1928 1077 1995 flerent,
1100 1931 1182 2002 juxta
1211 1932 1289 2004 quod
1312 1934 1465 2006 Apostolus
1488 1937 1589 1992 asserit
1603 1980 1609 2005 ,
1627 1960 1641 1990 n
1655 1939 1775 2012 Oportet

111 2018 373 2086 tur,ll1ondaDeus
390 2023 473 2075 Pater
497 2021 552 2075 boc
573 2021 669 2074 virtuti
683 2026 746 2086 tua,
761 2018 790 2073 id
806 2021 849 2073 est
861 2017 915 2071 im·
963 2015 1167 2087 boeresescsse,
1184 2021 1277 2092 utqui
1287 2023 1400 2092 probati
1407 2029 1483 2093 sunt,
1494 2026 1639 2083 manifesti
1656 2029 1729 2084 flant
1743 2029 1773 2086 in

112 2123 189 2179 pone
203 2108 258 2164 hoc
274 2109 401 2164 officium
413 2109 482 2164 Filio
496 2112 556 2176 tuo,
567 2108 616 2180 qui
627 2105 846 2179 peremphasim
859 2105 914 2161 erit
963 2106 1042 2160 vobis
1056 2105 1083 2171 tl
1096 2107 1160 2164 Cor.
1174 2125 1213 2176 xi,
1231 2112 1284 2182 16).
1303 2132 1316 2160 n
1330 2110 1495 2183 Enceladum,
1511 2132 1563 2187 pro
1573 2116 1772 2187 manifestent,

110 2195 201 2251 virtus
214 2201 273 2264 tua,
288 2213 440 2271 perquem
463 2198 610 2253 diabolum
640 2195 811 2252 mirabiliter
825 2211 912 2265 expu—
963 2209 1015 2265 per
1028 2194 1247 2253 similitudinem
1255 2201 1364 2270 punita
1379 2201 1566 2259 similitudine
1575 2205 1771 2275 scilicetillius,

110 2285 223 2357 gnabis.
236 2288 269 2341 Et
282 2291 434 2359 postquam
449 2287 510 2342 huc
523 2302 575 2358 per
592 2286 692 2341 Filium
712 2283 910 2357 compleveris,
962 2283 1022 2355 qui,
1037 2300 1102 2338 cum
1118 2286 1220 2341 alicubi
1246 2288 1282 2343 ειι
1298 2289 1432 2359 inclusus,
1450 2309 1508 2347 non
1524 2297 1644 2365 apparet
1655 2295 1692 2363 ;si
1704 2311 1772 2352 vero

112 2376 242 2443 confirmo
257 2377 305 2430 boc
321 2376 398 2447 quod
413 2380 548 2449 operatus
556 2393 596 2442 es,
612 2375 642 2430 id
654 2374 776 2447 estquod
789 2381 912 2448 operatus
963 2372 1129 2439 excluditur,
1147 2380 1269 2448 apparet
1283 2377 1415 2433 statimet
1430 2379 1463 2433 ιιι
1473 2381 1652 2437 manifestus.
1663 2383 1771 2438 Notau-

110 2477 136 2516 ει
149 2464 177 2515 ιη
192 2463 274 2517 nobis.
290 2464 373 2527 Quod
392 2467 435 2518 est
450 2465 544 2519 dicere
561 2463 730 2519 :Constitue
756 2461 911 2517 Ecclesiam
962 2461 1032 2516 dum
1047 2462 1163 2533 quidem
1180 2465 1258 2536 quod
1273 2466 1398 2536 nrap'ores
1425 2468 1573 2525 haereticos
1596 2472 1669 2541 seros
1691 2472 1770 2543 dicit,

112 2566 146 2605 ex
161 2555 285 2625 utroque
297 2554 414 2624 populo,
431 2557 459 2607 et
469 2554 626 2625 perfectam
639 2553 683 2607 fac
697 2553 726 2607 in
738 2552 818 2607 omni
832 2568 912 2606 sanc·
960 2546 1024 2603 illos
1040 2549 1147 2605 seilicet
1159 2552 1207 2623 qui
1218 2552 1349 2624 magistri
1376 2558 1442 2609 sunt
1466 2572 1610 2626 errorum,
1639 2576 1673 2614 eo
1688 2561 1766 2632 quod

109 2637 202 2708 litate,
216 2645 245 2696 et
259 2645 324 2714 post
338 2659 402 2696 eam
419 2644 570 2710 confirma,
580 2660 615 2697 ne
624 2641 747 2696 deficiat.
763 2641 834 2695 Cum
843 2639 912 2695 dicit
961 2637 1160 2694 immitessunt
1168 2641 1204 2695 ad
1216 2643 1337 2697 modum
1348 2643 1489 2703 ferarum.
1502 2646 1664 2703 Nonsolum
1672 2653 1770 2708 autem

112 2728 199 2796 nodis,
215 2729 327 2784 confort
340 2747 369 2784 se
385 2730 414 2785 in
437 2731 591 2786 Ecclesiam
612 2730 749 2797 futuram,
769 2729 836 2801 qnia
855 2729 911 2783 flde
962 2742 1012 2781 oro
1028 2727 1170 2800 increpari
1193 2729 1279 2797 feras,
1304 2732 1456 2787 sedetiam
1485 2750 1554 2788 oro:
1571 2735 1671 2807 dissipa
1682 2744 1770 2807 pentes

106 2815 173 2888 jam
185 2818 315 2874 Ecclesiae
328 2820 493 2875 membrum
514 2823 584 2874 erat.
600 2820 679 2884 Dico,
698 2818 807 2886 mundo,
820 2818 850 2873 id
870 2822 912 2872 est
960 2832 1020 2886 quar
1039 2816 1103 2870 bello
1119 2816 1220 2886 nolunt,
1232 2818 1262 2872 id
1275 2822 1317 2872 est
1325 2820 1461 2876 convince
1471 2821 1599 2878 minores
1609 2825 1769 2895 haereticos,

112 2907 390 2979 imponenegotium
401 2907 612 2964 constitutionis
623 2908 751 2963 Ecclesiae
759 2907 829 2963 Filio
840 2910 889 2962 tuo
902 2923 908 2962 :
961 2901 1114 2974 discipulos
1129 2906 1285 2976 majorum·
1311 2908 1387 2971 Quos
1413 2914 1513 2981 gentes
1532 2910 1677 2982 ideodico,
1691 2916 1769 2986 quod

109 2995 280 3067 Incipiensa
296 2998 392 3068 templo
402 2997 636 3069 sanctotno,quod
645 2999 716 3051 estin
729 2996 909 3065 Hierusalem,
961 2992 1043 3047 multi
1059 2996 1152 3048 erunt.
1170 2994 1371 3066 llico,disripc,
1387 2997 1416 3052 id
1443 3001 1485 3053 est
1498 2999 1591 3055 divide
1620 3002 1770 3057 scilicetut

109 3083 139 3139 id
153 3088 197 3140 est
211 3085 350 3158 incipiens
365 3087 539 3142 constituero
552 3087 643 3158 ipsam
663 3087 817 3142 Ecclesiam
833 3087 868 3141 ab
882 3085 912 3141 il·
924 3057 948 3116 G
961 3081 1102 3153 quosdam
1114 3082 1154 3137 sic
1183 3083 1334 3138 convincas
1350 3087 1381 3139 ut
1395 3090 1614 3155 convertantur3
1628 3091 1770 3162 quosdam

107 3172 143 3227 lis
157 3176 368 3242 convertendis,
385 3176 433 3247 qui
452 3176 606 3231 existentes
623 3176 652 3230 in
675 3176 861 3241 Hierusalem,
882 3174 912 3229 id
961 3172 1059 3224 autem
1074 3171 1247 3241 perdendos,
1258 3173 1479 3230 solummodout
1490 3176 1719 3233 manifestentur.
1736 3181 1770 3235 Ει

110 3265 154 3316 εει
173 3262 334 3319 inJudaico
364 3267 481 3337 populo,
510 3269 595 3319 erunt
618 3264 760 3336 templum
779 3268 911 3320 sanctum
961 3259 1065 3314 merito
1081 3259 1241 3331 dissipabis,
1253 3261 1320 3333 quia
1334 3264 1502 3318 nonvolunt
1516 3281 1628 3336 pacem,
1640 3269 1771 3324 sedsedi·

109 3351 204 3419 tuum,
219 3351 249 3405 in
264 3353 367 3424 quibus
379 3353 510 3408 fidelibus
519 3353 601 3408 factis
615 3351 780 3425 spiritaliter
799 3353 911 3409 habita·
961 3349 1054 3405 tiones
1066 3349 1097 3404 in
1109 3349 1268 3404 Ecclesiaet
1280 3352 1364 3406 bella.
1375 3352 1408 3406 Et
1423 3353 1462 3407 ita
1476 3353 1539 3412 erit.
1551 3355 1623 3411 Vere
1640 3357 1715 3412 feras
1724 3357 1769 3413 in·

110 3438 166 3496 bis.
180 3439 263 3504 Quod
278 3445 321 3495 est
336 3443 431 3497 dicere
446 3457 452 3494 :
469 3442 608 3497 Atudaeis
624 3441 659 3495 sit
671 3441 844 3513 principium
860 3445 910 3499 Ec·
961 3438 1091 3509 crepabis
1103 3442 1132 3492 et
1145 3441 1247 3508 gentes
1267 3423 1366 3511 249
1387 3440 1536 3512 dissipabis
1548 3445 1761 3515 praedicatores,

110 3528 214 3584 clasiae.
231 3527 409 3585 Hierusalem
419 3547 486 3584 rcro
498 3530 566 3601 quia
581 3529 677 3584 civitas
692 3532 734 3584 εει
753 3530 783 3584 in
801 3530 909 3599 iudaea,
961 3526 1008 3598 qui
1024 3527 1109 3597 legati
1119 3526 1160 3580 tui
1173 3531 1268 3584 erunt.
1279 3528 1552 3600 Namoenientleqoti
1560 3533 1770 3607 erAEqypto,id

109 3632 163 3687 pro
178 3618 295 3673 ludaico
311 3620 418 3691 populo
429 3635 556 3690 congrue
567 3619 699 3673 sumitur.
717 3617 786 3672 Etsi
800 3619 855 3674 hoe
870 3620 911 3674 Fi.
961 3617 1003 3669 est
1018 3631 1050 3668 ex
1059 3631 1151 3668 massa
1159 3620 1344 3684 peccatorum
1357 3617 1386 3670 in
1397 3619 1521 3688 peccatis
1528 3622 1769 3691 tenebrosorum,

109 3702 149 3759 lio
172 3707 364 3773 mandaveris,
381 3708 430 3762 titi
443 3709 553 3778 offerent
574 3722 646 3776 repes
672 3723 795 3773 meinero,
820 3705 850 3761 id
869 3711 911 3762 est
961 3702 1770 3781 quiperAEgyptumcompetenteraccipiuntur;AEgyptus

108 3795 193 3849 multi
206 3813 240 3849 ex
253 3797 386 3868 gentibus
406 3800 435 3851 et
450 3796 555 3850 Judoeis
569 3812 652 3867 reges
670 3796 712 3850 sui
730 3796 817 3869 ipsius
831 3795 909 3864 faeti,
961 3791 1066 3863 quippe
1083 3790 1318 3846 diciturlcnebrae.
1350 3791 1432 3855 Quod
1447 3798 1490 3848 est
1522 3794 1718 3852 dicerezllulti
1736 3815 1770 3853 ex

109 3882 233 3940 offerent
247 3902 307 3940 sese
319 3885 370 3940 tibi
386 3901 517 3951 munera,
535 3888 566 3940 ut
579 3901 643 3938 suas
656 3883 817 3937 voluntates
832 3882 909 3951 post·
960 3880 1157 3950 peccatoribus
1168 3879 1256 3950 legati
1272 3880 1312 3935 tui
1328 3881 1406 3947 facti,
1420 3882 1536 3938 venient
1550 3884 1647 3940 adhoc
1658 3890 1689 3940 ut
1700 3904 1771 3957 prae·

108 3974 257 4043 ponendo,
274 3973 547 4043 setibisubjiciaut,
572 3976 602 4026 et
621 3972 672 4026 tibi
690 3971 742 4025 soli
762 3968 909 4025 obediant·
961 3967 1068 4022 dicent.
1097 3969 1131 4022 Et
1158 3969 1326 4040 priusquam
1349 3971 1487 4041 AEgyptus
1517 3973 1627 4042 legatos
1654 3973 1771 4042 habeat,

109 4062 273 4117 Praeridens
288 4066 385 4116 autem
402 4063 545 4133 Propheta
558 4061 587 4114 in
603 4060 726 4115 Ecclesia
739 4058 910 4113 multasboe·
960 4057 1120 4127 AEtlriopz'n,
1155 4056 1242 4111 idest
1270 4058 1407 4129 AEgyptus
1424 4062 1580 4130 praeveniet,
1605 4061 1689 4115 idest
1703 4066 1770 4118 ante

109 4152 266 4206 reticorum
282 4149 911 4216 seditionesessefuturas,oratboumuteas
960 4145 1108 4200 festinabit
1137 4146 1205 4200 dare
1242 4144 1342 4200 florius
1372 4147 1437 4216 ejru,
1470 4148 1556 4203 idest
1576 4165 1679 4204 manus
1707 4168 1771 4207 suas

109 4243 275 4311 compescat
285 4239 324 4293 sic
338 4256 344 4294 :
357 4239 419 4294 Non
434 4239 525 4293 solum
542 4254 593 4293 oro
609 4241 639 4292 ut
654 4237 775 4291 mandes
791 4238 845 4291 hoc
859 4251 910 4289 ne·
961 4233 1028 4299 Deo,
1053 4233 1083 4287 id
1108 4237 1150 4287 est
1177 4250 1271 4288 massa
1297 4234 1520 4290 tenebrosorum
1545 4237 1680 4292 salvanda
1693 4239 1770 4294 festi·

108 4328 220 4401 gotium
231 4326 328 4382 virtuti
337 4328 464 4394 ture,sed
479 4343 543 4380 cum
553 4326 665 4381 rideam
676 4325 910 4381 haereticosmul-
962 4322 1042 4376 nabit
1071 4338 1100 4376 sc
1112 4323 1170 4376 Deo
1183 4322 1306 4377 subdere
1323 4339 1374 4395 per
1386 4322 1486 4390 tidem,
1502 4341 1519 4378 a
1539 4325 1726 4382 similitudine
1742 4327 1774 4383 il-

108 4419 153 4471 tos
164 4415 193 4470 in
204 4415 327 4471 Ecclesia
341 4415 463 4482 futuros,
479 4414 527 4486 qui
538 4417 615 4468 recte
631 4413 700 4467 ferae
717 4413 860 4477 dicentur,
875 4428 910 4467 eo
961 4409 1309 4481 lius,quicumsubditus
1339 4410 1491 4482 cujuslibet
1513 4411 1644 4480 efficitur,
1668 4431 1772 4470 manus
1844 4416 1847 4420 ’

109 4505 188 4578 quod
203 4504 314 4560 feroces
337 4508 423 4559 erunt
447 4506 476 4557 et
501 4501 721 4566 irrationabiles,
736 4503 766 4554 et
779 4499 910 4555 fidelium
962 4515 1027 4553 suas
1042 4498 1150 4553 datilli.
1166 4498 1310 4571 AEtbiopia
1329 4499 1447 4570 quidem
1457 4500 1528 4555 illud
1548 4501 1773 4576 idemhicsigni·

108 4592 293 4649 devoratores
308 4592 427 4659 utferae,
445 4607 506 4657 oro,
524 4592 640 4661 increpa,
661 4590 691 4644 id
718 4592 761 4644 est
779 4589 912 4659 increpa·
961 4587 1028 4642 licat
1042 4587 1121 4658 quod
1132 4588 1349 4658 AEgyptus,u0n
1373 4587 1491 4658 quodei
1508 4589 1610 4644 eadem
1631 4590 1668 4645 sit
1682 4591 1771 4648 inter-

106 4682 187 4736 tione
200 4681 422 4752 praedicatorum
441 4684 557 4734 tuorum
578 4677 726 4747 convince,
739 4677 812 4746 feros
827 4695 910 4731 orun-
961 4674 1097 4744 protetio,
1110 4673 1160 4727 sed
1175 4673 1242 4744 quia
1256 4675 1398 4746 AEthopiae
1416 4676 1510 4731 coloni
1525 4677 1678 4748 nigerrimi
1694 4685 1770 4737 sunt.

106 4769 180 4825 dinis
194 4768 395 4836 devoratrices,
412 4769 499 4823 idest
519 4767 624 4822 divinae
641 4765 805 4836 Scripturas,
822 4783 910 4838 quam
960 4762 1137 4817 Adhortatur
1149 4778 1215 4817 vero
1231 4779 1334 4818 omnes
1344 4764 1442 4820 fideles
1453 4766 1574 4837 psallere
1590 4769 1648 4822 Deo
1659 4771 1688 4822 ct
1702 4786 1770 4825 can·

106 4861 298 4928 corrumpunt
312 4856 530 4928 interpretando
542 4855 671 4909 sinistre:
684 4870 747 4925 quae
764 4853 912 4925 Scriptura
960 4854 1032 4920 tare,
1046 4852 1177 4907 contuitu
1186 4853 1318 4907 omnium
1332 4855 1436 4910 borum
1457 4855 1699 4927 supradictorum,
1709 4859 1748 4914 sic
1762 4876 1769 4916 :

105 4947 184 5000 recte
193 4961 246 5016 per
260 4944 435 5000 arundinem
447 4944 595 5016 accipitur,
612 4943 680 5017 quia
695 4942 837 4996 arundine
857 4960 910 4997 an·
961 4940 1355 5013 Ergoquialraecomniaqure
1365 4943 1484 5016 praedixi
1494 4944 1771 5014 complebuntur,re-

104 5033 253 5105 liquorum
268 5037 332 5089 erat
351 5033 485 5087 scribere.
503 5031 657 5099 Quasdam,
673 5030 778 5085 scilicet
795 5031 910 5102 increpo,
959 5046 1013 5098 qno
1029 5036 1116 5096 terrae,
1131 5028 1160 5083 id
1175 5033 1274 5085 cstvos
1290 5047 1393 5085 omnes
1409 5030 1552 5086 efficiendi
1564 5047 1656 5102 regna
1667 5033 1769 5103 Ilei,ex

105 5126 138 5177 ut
153 5125 358 5177 convertantur
373 5139 381 5175 ι
398 5118 908 5192 quasdamvorononconvertendas,
959 5118 1048 5183 tarra,
1064 5116 1092 5171 id
1106 5120 1149 5170 cst
1163 5133 1197 5170 ex
1212 5116 1346 5183 terrenis,
1361 5122 1466 5173 caritate
1476 5117 1533 5172 Deo
1547 5117 1669 5185 Cbristo,
1679 5119 1709 5175 id
1726 5125 1770 5177 est

104 5209 146 5265 sic
159 5213 191 5264 ut
207 5210 440 5274 manifestantur,
458 5208 580 5263 neultra
595 5204 749 5276 decipiant.
771 5206 819 5258 Vel
835 5204 910 5259 feras
959 5204 1074 5259 laudate
1090 5205 1179 5259 Deum
1193 5221 1258 5259 cum
1273 5205 1395 5271 cantico,
1407 5205 1436 5259 id
1458 5209 1500 5259 est
1510 5206 1690 5277 jucunditate
1700 5225 1769 5265 con·

106 5297 299 5353 devoratrices
328 5296 487 5362 arundinis,
515 5296 544 5350 id
570 5298 612 5351 est
632 5293 749 5349 illorum
768 5291 908 5359 fidelium,
960 5292 1134 5363 templativoe
1148 5292 1222 5346 vita.
1240 5292 1273 5346 Et
1287 5292 1336 5363 qui
1353 5309 1411 5347 non
1424 5294 1766 5367 potestiscantarepsul-

104 5387 155 5459 qui
166 5387 281 5441 loveset
296 5386 443 5441 instabiles
456 5388 541 5439 erunt
553 5381 714 5449 utarondo,
727 5383 756 5435 et
768 5379 817 5451 qui
828 5380 908 5434 omni
959 5380 1004 5434 lite
1018 5380 1143 5447 Domino,
1157 5379 1186 5434 id
1201 5384 1244 5435 est
1258 5380 1372 5434 laudate
1389 5380 1556 5450 bominum,
1584 5385 1708 5452 psalmo,
1736 5387 1766 5442 id

103 5476 191 5530 vento
207 5474 345 5529 doctrinae
359 5473 609 5529 circumferentur.
958 5471 1001 5522 est
1014 5469 1092 5523 bona
1107 5468 1275 5540 operatione
1293 5467 1391 5522 activa
1404 5468 1480 5524 ιιιιε.
1496 5469 1553 5524 Ηοε
1570 5473 1668 5526 autem
1682 5490 1764 5546 supe·

141 5561 259 5619 Necesse
272 5561 390 5636 quidem
402 5560 457 5617 erit
471 5559 907 5632 utincrepcs.Namconqreqotir
958 5557 1017 5615 rius
1031 5557 1061 5613 in
1076 5557 1131 5614 hoc
1157 5556 1261 5612 eodem
1275 5557 1387 5627 psalmo
1403 5555 1512 5615 dictum
1536 5561 1589 5629 est,
1611 5560 1659 5618 ubi
1672 5562 1762 5622 dixit:
