3772 5970
177 255 229 318 los
243 259 248 268 '

600 251 630 311 S.
652 249 824 310 BRUNONIS
840 250 1155 312 GARTMUSIANORUM
1175 254 1409 315 lrvsrmrrclus

1787 256 1837 320 iol

176 381 270 441 mensi
285 379 494 453 expulsionem,
511 396 561 436 seu
581 381 667 452 paulo
687 383 752 452 post
771 395 881 434 annum
900 381 1120 447 l080,Avorbis
1132 398 1218 453 snpra
1226 381 1495 452 recitatisaillrmet,
1505 381 1643 440 Sanctum
1651 382 1835 442 «Brauonem

177 490 233 546 quo
247 474 308 527 haee
320 470 431 536 accidit,
444 470 473 524 in
490 487 622 525 eremum
640 469 797 534 secessisse,
806 468 842 522 ab
855 467 979 538 ipsomet

174 562 309 618 Gniberte
325 562 387 616 loco
401 560 542 631 supracit.
552 559 638 614 etiam
648 557 777 624 indicari,
794 558 894 611 volunt
908 573 979 612 non-

175 651 256 706 nulli.
273 651 315 703 lta
323 651 474 703 autumant
489 647 566 720 quod
575 647 630 713 hic,
640 650 794 718 postquam
811 643 978 716 verbispro-

175 739 250 794 xime
272 738 398 795 recitatis
420 738 573 807 subjunxit,
586 760 599 787 u
608 753 695 808 quern
706 735 873 807 (Manassem
884 733 976 789 archi-

174 828 350 901 episcopum)
362 826 548 896 postmodum
556 840 701 896 proceres,
712 824 804 877 olcrns
813 826 898 894 atque
907 822 975 876 liur-

173 933 353 991 gensos,cum
361 917 396 970 ab
406 916 524 985 lingone
542 911 975 986 (quiiliensisagnominabatur)

172 1005 385 1077 archiepiscopo
404 1002 596 1076 (Lugdunensi
621 1001 727 1055 scilicet
749 1003 849 1071 postea
868 998 975 1070 creato)

171 1092 334 1166 apostolica
349 1093 423 1148 sedis
437 1093 543 1163 legato,
561 1090 621 1145 viro
640 1089 776 1143 inienore
789 1088 907 1159 justitiae
917 1088 974 1141 cla-

169 1182 294 1267 rissimo,
312 1181 487 1237 creberrimo
509 1180 695 1234 anathemate
720 1177 866 1244 feriretur,
883 1180 912 1231 et
927 1177 974 1231 ille

169 1287 260 1327 manu
271 1270 388 1326 militari
400 1270 551 1324 thesauros
560 1266 688 1322 Ecclesiae
700 1265 857 1337 dilapidare
871 1265 975 1319 nitere·

170 1362 227 1427 tur,
245 1359 447 1431 asede,quam
457 1356 702 1421 maleobsederat‚
721 1356 924 1426 pepulerunt»
935 1353 975 1408 ite

170 1446 512 1518 deinde‚nonnullis‚quus
523 1459 701 1517 quamquam
710 1443 868 1498 Manassen}
884 1441 973 1514 respi-

170 1537 259 1602 ciant,
275 1536 331 1590 buc
347 1539 445 1590 tamen
462 1534 556 1588 minus
571 1533 690 1599 iaciunt,
707 1530 891 1603 interpositis,
908 1546 973 1602 pro·

171 1628 322 1697 sequatur:
339 1645 352 1673 n
369 1625 405 1678 At
421 1625 526 1690 Bruuo,
541 1622 610 1675 urbe
627 1619 774 1685 (ilemensi
794 1617 911 1689 scilic-et)
928 1618 976 1673 de·

1028 470 1222 525 conversionis
1234 470 1315 525 initia
1325 477 1442 528 nactum
1458 473 1543 528 luisse
1554 490 1588 528 ex
1603 474 1752 529 occasione
1760 495 1774 525 u
1782 475 1835 531 im·

1027 559 1185 628 proborum
1199 576 1315 614 morum
1324 561 1472 630 Manassae;
1485 563 1570 617 hosce
1579 566 1689 628 tamen,
1699 563 1833 636 obquam

1027 646 1147 701 Sanctus
1168 648 1196 702 in
1227 665 1359 704 eremum
1389 651 1546 717 secesserit,
1564 651 1748 723 perfecteque
1772 669 1832 708 sese

1027 736 1208 802 converterit,
1223 754 1338 792 causam
1351 739 1497 805 exstitisse,
1509 757 1566 794 non
1578 740 1673 794 edicit.
1687 742 1747 795 imo
1762 757 1831 796 vero

1026 825 1204 879 contrarium
1217 824 1322 891 innuit,
1342 842 1406 881 cnm
1423 827 1571 900 improbos
1585 828 1720 882 Manassis
1735 845 1832 883 mores

1026 913 1218 967 conversionis
1227 914 1317 969 sancti
1328 914 1601 971 initiisoccasionem
1611 916 1732 983 dedisse,
1750 917 1832 972 dum-

1026 1002 1103 1054 taxat
1116 1000 1221 1068 tradat,
1238 1003 1354 1074 hecque
1370 1004 1406 1058 ab
1427 1005 1488 1075 ipsa
1503 1006 1688 1059 conversione
1702 1005 1832 1075 perlecta

1025 1085 1082 1141 sint
1097 1088 1215 1143 diversa.
1233 1090 1269 1145 Ut
1286 1090 1397 1146 veritati
1417 1107 1544 1146 consona
1564 1090 1707 1162 scripsisse
1723 1092 1829 1149 intelli-

1024 1180 1109 1247 gatur
1123 1177 1283 1247 iluibertus,
1297 1196 1342 1234 res
1363 1180 1402 1234 ita
1417 1180 1605 1253 concipienda
1617 1180 1739 1236 videtur.
1762 1182 1830 1237 Bru·

1024 1281 1072 1331 no,
1091 1266 1187 1320 Roneis
1211 1267 1247 1322 ob
1263 1268 1410 1340 improbos
1431 1269 1564 1324 Manassis
1580 1283 1676 1323 mores
1691 1270 1829 1326 excedere

1023 1355 1197 1425 compulsus,
1213 1354 1359 1410 fortunam
1379 1357 1504 1411 maxime
1521 1355 1682 1424 adversam,
1694 1374 1752 1430 qua
1763 1373 1829 1429 pre·

1024 1445 1133 1508 mente,
1151 1443 1186 1497 de
1207 1444 1265 1498 Deo
1290 1445 1417 1516 cogitare
1440 1445 1570 1518 viteque
1592 1445 1828 1502 emendationem

1024 1530 1827 1606 conciperemortalespotissimumsoient,iuitexpertus‚

1024 1617 1147 1690 hincque
1164 1620 1271 1674 sactum
1287 1625 1319 1675 ut
1332 1638 1397 1675 cnm
1414 1621 1564 1694 Raduipho
1582 1626 1610 1677 ct
1624 1622 1719 1678 Fulcio
1730 1624 1828 1680 Mono-

169 1718 255 1781 serta,
285 1715 388 1768 saeculo
411 1712 499 1768 etiarn
524 1710 729 1765 abrenuntiare
755 1707 908 1778 proponit„
926 1707 974 1778 qui
987 1704 1012 1762 B
1024 1708 1086 1761 culo
1103 1708 1246 1763 celebrem
1255 1708 1284 1763 in
1300 1726 1357 1781 qua
1369 1726 1430 1764 sose
1440 1709 1519 1765 hrevi
1531 1710 1734 1766 monachicum
1747 1712 1829 1768 habi·

169 1818 288 1857 suorum
300 1801 543 1857 notitiashorrens
555 1798 591 1852 ad
602 1797 975 1868 Gratianopolitanumpro-
1023 1798 1086 1849 turn
1102 1802 1329 1869 assumpturum,
1356 1799 1441 1864 vovit,
1469 1798 1654 1854 collationem
1683 1801 1826 1856 habuerit.

168 1890 251 1946 cessit
264 1889 461 1955 territorium
478 1909 491 1936 »
503 1885 665 1942 verumillis
677 1885 731 1939 hac
743 1885 772 1939 in
790 1901 831 1951 re,
847 1885 886 1938 uti
898 1885 973 1939 inira
1023 1882 1068 1938 Sic
1087 1886 1192 1959 quippe
1208 1904 1273 1941 cum
1298 1890 1396 1942 votum
1411 1888 1481 1943 illud
1506 1889 1690 1960 completaea
1721 1888 1828 1945 Sancto

169 1980 289 2046 docebo,
308 1976 523 2033 assentiendum
540 1991 598 2030 non
614 1977 666 2028 est.
1022 1978 1121 2042 postea
1131 1976 1550 2032 conversionisinitiorumloco
1562 1977 1664 2032 merito
1674 1977 1710 2032 sit
1719 1978 1830 2034 haben-

204 2072 265 2122 til.
278 2066 352 2121 Nihil
361 2065 488 2130 interim,
499 2063 552 2117 etsi
559 2063 588 2116 id
601 2064 640 2116 ita
648 2061 694 2127 sit,
707 2064 808 2116 contra
816 2078 869 2116 nos
883 2061 971 2117 etiam
1022 2058 1102 2127 dum,
1120 2062 1335 2133 collationique,
1352 2062 1381 2116 in
1398 2080 1455 2134 qua
1470 2063 1548 2118 idem
1564 2068 1664 2118 votum
1674 2062 1729 2119 luit
1744 2065 1828 2120 emis·

165 2155 211 2211 hic
226 2155 303 2221 iacit,
318 2154 395 2226 quod
411 2155 473 2208 loco
489 2151 536 2205 cit.
566 2150 707 2205 Launoius
731 2153 871 2221 practerea
893 2149 972 2204 addit
1021 2149 1226 2223 su1n,i1nprobi
1237 2151 1371 2206 Manassis
1385 2166 1481 2206 mores
1489 2152 1670 2207 occasionem
1683 2151 1827 2221 dederint,

167 2243 202 2299 de
216 2242 324 2298 clericis
349 2240 546 2306 hemensium,
564 2239 751 2293 cumSanclo
771 2238 971 2309 ohimprobos
1021 2242 1097 2291 recto
1130 2238 1276 2312 scripsisse
1305 2239 1475 2310 intelligitur
1497 2240 1657 2307 Guibertus‚
1689 2241 1829 2298 Sanctum

165 2331 298 2387 Manassis
314 2347 409 2385 mores
431 2346 446 2383 e
464 2328 576 2384 civitate
596 2327 729 2383 Remensi
755 2326 886 2397 egressis,
910 2325 968 2398 qui,
1021 2329 1151 2380 nostrum
1162 2343 1195 2381 ex
1203 2328 1403 2398 improborum
1413 2329 1546 2383 Manassae
1554 2330 1827 2385 morumoccasione

166 2420 197 2476 ui
211 2423 279 2475 tuno
290 2421 384 2474 Bruno
395 2418 425 2472 iu
439 2434 570 2472 eremum
579 2415 735 2482 secesserit,
748 2414 796 2469 diu
809 2431 887 2479 eum,
902 2430 971 2486 quo·
1019 2415 1211 2470 conversionis
1226 2433 1284 2471 suae
1298 2416 1379 2471 initia
1394 2420 1511 2472 nactum
1522 2417 1619 2485 fuisse,
1635 2418 1691 2472 sive
1707 2418 1827 2474 interim

165 2524 290 2579 cumque
305 2506 487 2573 concederet,
497 2503 630 2559 comitari
643 2501 805 2569 debuerint,
820 2503 969 2574 Deumque
1019 2518 1052 2556 ex
1068 2505 1187 2558 votoillo
1200 2521 1249 2560 seu
1262 2522 1294 2558 ex
1306 2506 1470 2572 collatione,
1484 2507 1513 2561 in
1524 2523 1591 2577 qua,
1607 2506 1662 2561 hoe
1676 2506 1825 2562 luitemis·

164 2595 319 2650 interea-a
342 2610 398 2665 quo
415 2595 661 2658 converterentur,
678 2594 764 2662 atque
791 2591 820 2645 in
836 2605 969 2643 eremum
1019 2606 1093 2657 sum,
1105 2592 1214 2647 iactum
1229 2593 1399 2660 tandemsit,
1417 2597 1448 2649 ut
1462 2594 1695 2650 Sanctusnovam
1707 2594 1827 2650 Carthu·

162 2702 229 2739 cum
245 2686 344 2738 sancto
360 2684 546 2755 pellerentur,
562 2679 733 2734 emachima
742 2682 905 2751 exspectare
918 2696 925 2745 ·,
939 2678 968 2732 iu
1019 2678 1167 2734 sianorum
1184 2681 1357 2752 religionem
1374 2681 1538 2748 instituerit,
1555 2682 1611 2736 sive
1627 2697 1701 2736 nova
1711 2684 1825 2738 ratione

162 2788 294 2827 eremum
305 2771 383 2826 enim
392 2767 711 2837 cumSanct0,utiapud
721 2769 854 2821 nostem.
864 2768 874 2821 l
885 2766 967 2839 Apri·
1017 2768 1172 2823 accedente
1183 2769 1219 2822 ad
1235 2770 1264 2824 id
1273 2769 1439 2825 faciendum
1453 2770 1539 2825 suerit
1553 2771 1703 2842 impulsus.

161 2860 204 2927 lis,
223 2877 289 2933 pag.
301 2862 344 2926 lo,
356 2876 437 2913 num.
451 2856 547 2912 xrinS.
562 2855 699 2927 Magonis,
710 2852 967 2927 Gratianopolitani
1055 2860 1114 2910 litt.
1123 2858 1156 2911 Et
1164 2859 1330 2912 Brnnonom
1342 2859 1459 2931 quidem
1471 2876 1486 2913 e
1497 2860 1573 2914 dicta
1583 2859 1824 2915 collationeocca·

162 2948 297 3022 episcopi,
322 2948 386 3002 Vita
418 2946 519 3017 Guigo,
550 2944 666 3017 quintus
695 2943 830 2999 Certusiie
847 2940 967 3012 nlaioris
1016 2944 1126 2998 sionem
1143 2961 1293 3000 novmsnae
1310 2946 1650 3018 religionisinstituendae
1667 2947 1821 3020 accepisse,

161 3037 251 3109 prior,
268 3040 400 3101 testatur,
421 3035 625 3089 concesseruut
640 3031 778 3103 uragister
789 3031 963 3095 baudoinus
1015 3033 1158 3087 launoius
1172 3034 1202 3088 in
1219 3051 1270 3089 sua
1286 3035 1321 3088 de
1337 3052 1405 3089 vera
1424 3035 1452 3089 S.
1470 3037 1611 3092 Brunonis
1634 3037 1663 3091 in
1688 3053 1822 3092 eremum

162 3125 243 3180 Lucae
254 3125 283 3179 in
298 3122 497 3192 Metruriatadi
505 3121 581 3194 apud
596 3121 741 3175 labbeum
756 3123 826 3175 tom.
842 3117 966 3172 lBibiio-
1014 3137 1139 3175 secessus
1149 3122 1443 3178 causadissertatione
1455 3141 1517 3196 cap.
1546 3141 1565 3191 1,
1578 3128 1591 3193 ξ
1602 3125 1637 3178 ΙΙΙ
1650 3125 1801 3180 contendit
1813 3143 1820 3194 ;

159 3215 249 3269 thecua
263 3231 344 3268 novae
354 3231 421 3267 mss.
431 3229 498 3283 pag.
512 3213 563 3265 639
572 3213 695 3280 quatuor
703 3206 965 3279 primorum,cujus
1013 3225 1112 3263 verum
1122 3215 1223 3264 contra
1233 3210 1268 3264 ad
1279 3211 1344 3266 novi
1354 3211 1608 3267 Carthasianorum
1618 3213 1727 3268 ordinis
1736 3213 1765 3267 in
1773 3214 1822 3267 sti-

158 3305 268 3356 numo
285 3302 418 3357 notitiam
439 3299 515 3364 dedi,
532 3297 682 3351 carthusiae
699 3296 818 3366 majoris
833 3295 961 3367 priorum
1012 3297 1155 3352 tutionem
1164 3299 1232 3353 nihil
1245 3300 1366 3356 omnino
1376 3300 1819 3370 collationemillamcoutulisse,

157 3389 330 3462 Chronicon)
348 3388 456 3443 mundo
473 3390 565 3441 natus.
579 3385 717 3455 Stephani
731 3385 798 3450 duo,
813 3384 962 3454 burgensis
1012 3386 1484 3443 arrivaliuvnCarthusiensiumlibri
1498 3389 1591 3460 quarti
1604 3389 1744 3444 hactenus
1758 3406 1819 3445 uon

157 3482 187 3534 et
201 3478 321 3545 iliensis,
344 3478 424 3548 llugo
449 3476 614 3545 capellanus
633 3477 662 3527 et
677 3473 733 3527 duo
750 3472 813 3527 laici
829 3490 878 3527 seu
893 3488 961 3525 cen·
1011 3473 1117 3544 vulgati
1131 3479 1401 3548 auctoranonymus
1415 3478 1506 3548 putat,
1523 3477 1618 3548 operis
1630 3477 1672 3531 sui
1683 3494 1766 3532 num.
1785 3480 1819 3532 89

154 3568 236 3634 versi,
253 3567 381 3621 Andreas
396 3570 425 3619 et
440 3563 598 3630 Guarinus,
615 3563 719 3616 horum
731 3565 827 3614 autem
842 3562 960 3615 nulluse
1011 3561 1087 3614 huuc
1101 3561 1130 3615 in
1147 3563 1266 3617 modum
1276 3564 1488 3630 l.aunoio,illud
1498 3566 1819 3637 contendenti,respon-

156 3655 299 3711 nobilibus
315 3655 369 3709 illis
377 3651 565 3707 heniensium
591 3650 708 3716 clericis,
719 3648 766 3720 qui
778 3665 843 3702 curn
855 3649 959 3704 Sancto
1011 3648 1095 3704 dens:
1109 3650 1182 3704 lbi...
1201 3651 1240 3718 (in
1255 3652 1375 3724 epistola
1392 3652 1498 3708 scilicet
1514 3653 1542 3707 S.
1556 3653 1698 3708 Bruuouis
1713 3653 1749 3709 ad
1761 3653 1819 3708 Ra-

155 3745 192 3799 ob
218 3744 367 3814 improbos
394 3739 528 3795 Manassis
559 3755 655 3793 moros
687 3737 783 3792 iternis
804 3753 959 3803 excessere,
1011 3737 1152 3809 dulphnm
1164 3739 1356 3813 viride-snper
1377 3742 1571 3808 verba‚num.
1594 3742 1820 3809 manustram-

154 3831 291 3887 exstitisse
305 3829 459 3884 invenitnr.
478 3827 559 3891 Quod
575 3826 663 3881 modo
679 3826 715 3880 ud
732 3826 927 3891 collationem,
944 3841 961 3878 a
1009 3826 1113 3897 cripta)
1123 3850 1136 3877 «
1147 3831 1260 3882 sanctus
1271 3831 1365 3884 llruuo
1375 3846 1432 3884 non
1443 3831 1570 3902 loquitur
1580 3830 1614 3883 dc
1623 3829 1743 3886 oonsilio
1753 3831 1819 3887 iun-

154 3919 259 3976 Sancto
278 3936 343 3973 cum
368 3916 516 3987 iladulphu
533 3913 618 3969 Viridi
639 3917 668 3967 et
692 3912 786 3967 l‘ulcio
811 3913 959 3966 Monoculo
1009 3914 1097 3969 dandi
1112 3916 1229 3987 alicujus
1243 3917 1309 3972 novi
1325 3918 1443 3984 ordinis,
1458 3918 1630 3973 sedtautum
1645 3919 1680 3973 de
1695 3923 1762 3974 voto
1775 3936 1819 3975 re-

152 4009 294 4072 habitam,
311 4002 591 4076 pertinct,ih·uuouis
606 4002 680 4055 hanc
693 4017 725 4055 ex
740 4001 809 4054 nvbe
826 4001 959 4054 ilemensi
1008 4002 1131 4074 oipiendi
1141 4006 1491 4062 monachicumhabitum.
1502 4007 1626 4072 Quidam
1638 4008 1818 4064 adversarius

153 4098 191 4153 ob
202 4093 586 4168 improbosManassismures
594 4089 726 4144 discessui
738 4107 795 4143 non
806 4089 957 4160 praeivisse,
1007 4090 1081 4146 hauc
1098 4093 1194 4148 forsan
1211 4094 1342 4149 irridebit
1354 4095 1578 4162 distinctionem,
1593 4112 1657 4168 quau
1670 4095 1817 4151 nihilomi-

154 4185 221 4240 satis
236 4198 389 4257 superque,
406 4197 470 4252 quae
486 4195 567 4233 num.
582 4182 630 4232 lae
647 4181 675 4232 ct
690 4195 770 4249 seqq.
784 4178 811 4232 in
829 4177 956 4232 medium
1008 4196 1062 4234 nus
1076 4180 1195 4248 facilius,
1205 4199 1293 4253 quam
1304 4184 1373 4238 ille»
1384 4184 1545 4257 (observata
1560 4184 1699 4239 nimirum
1716 4202 1734 4239 a
1745 4185 1817 4241 Lau·

153 4273 267 4339 adduxi,
284 4272 440 4337 evincunt;
459 4266 691 4322 ibideminterim
708 4267 789 4320 dictis
808 4267 994 4336 GuibertusD
1008 4270 1074 4325 noio
1090 4270 1119 4324 in
1141 4271 1292 4338 Brunonis,
1323 4289 1386 4344 quae
1410 4259 1542 4344 proxime
1568 4273 1692 4340 laudavi,
1709 4272 1815 4344 verbis)

153 4362 188 4417 de
204 4361 438 4432 Novigentoloco
455 4355 585 4430 proxime
602 4355 649 4409 cit.
667 4356 755 4410 etiarn
771 4354 954 4428 suffragatur,
1008 4359 1217 4414 «instituendae
1239 4360 1496 4416 Carthusianorum
1524 4361 1671 4434 religionis
1686 4361 1810 4428 occasio,

155 4452 255 4522 utpote
269 4447 439 4512 narrationi,
454 4463 511 4516 qua
526 4444 622 4498 Sancti
638 4461 669 4497 ex
682 4444 752 4498 urbe
768 4445 903 4499 Remensi
918 4447 955 4501 ob

153 4537 303 4610 improbos
330 4536 465 4591 Manassis
490 4550 585 4588 moros
606 4532 748 4588 dicessum
773 4534 871 4601 refert,
892 4538 956 4606 post

150 4625 497 4701 pauoainterposita,quae
506 4623 560 4676 huc
570 4621 753 4688 nonlaciunt,
767 4623 953 4694 snbjungens,
963 4656 975 4673 .

152 4738 167 4766 n
181 4717 218 4768 At
229 4715 335 4780 Bruno,
348 4712 419 4767 urbe
428 4710 577 4783 (ilamensi
587 4712 701 4783 nempe)
714 4709 836 4777 deserta,
851 4712 953 4765 sacculo

151 4803 240 4861 etiam
252 4800 458 4857 abrenuntiare
474 4797 619 4871 proponit.
635 4819 649 4846 n

189 4896 249 4949 llil.
266 4893 330 4947 tarn
345 4906 413 4944 vero
431 4905 497 4944 cum
511 4887 631 4942 Sanctus
653 4904 706 4943 nec
719 4888 841 4942 statima
856 4904 907 4942 suo
920 4904 953 4942 ex

148 4983 220 5038 urbe
236 4980 371 5036 Remensi
380 4980 417 5033 ob
431 4978 579 5049 improbos
589 4976 723 5030 Manassis
734 4992 830 5030 mores
839 4992 953 5032 excessu

147 5069 178 5125 in
194 5085 325 5125 eremum
336 5066 449 5134 abierit,
464 5081 516 5119 nec
531 5065 607 5119 hunc
622 5063 791 5118 habitacum
803 5064 953 5136 Radulpbo

147 5162 177 5214 et
187 5158 293 5224 Fuleio,
305 5155 505 5228 inquahicum
516 5153 648 5206 Brunone
664 5152 825 5207 manachici
840 5154 954 5209 habitus

148 5245 313 5302 assumendi
321 5247 421 5299 votum
432 5241 564 5306 emisere,
577 5239 690 5293 collatio
702 5241 953 5312 praecesserit,quls

149 5333 297 5404 improbos
306 5330 441 5387 Manassis
455 5345 550 5384 mores
561 5342 700 5400 pruvera,
711 5327 748 5381 eb
761 5344 847 5398 quam
865 5328 951 5383 Sonu-

148 5425 194 5475 tus
211 5421 238 5474 in
257 5437 389 5474 eremum
406 5417 564 5483 secesserit,
593 5432 679 5471 causa
694 5414 850 5470 admittat?
866 5417 951 5485 Sane,

149 5507 247 5566 uthoc
275 5508 335 5575 fiat,
362 5504 483 5561 minime
504 5505 581 5560 iavet
595 5504 756 5560 Guibertus.
777 5504 854 5560 Licet
874 5505 952 5561 euim

1006 4447 1485 4520 observabituraquovisattentius
1502 4453 1531 4504 et
1545 4449 1606 4504 sine
1623 4449 1713 4504 animi
1729 4453 1812 4505 motu

1005 4538 1091 4591 verba
1120 4539 1210 4592 sancti
1242 4538 1383 4593 Brunonis
1408 4537 1621 4593 considerante.
1653 4538 1811 4592 «Promisi-

1004 4645 1019 4674 »
1037 4642 1132 4692 mus»
1146 4625 1270 4698 inquit,n
1279 4643 1311 4680 ac
1321 4627 1449 4682 vovimus
1459 4625 1576 4698 Spiritui
1588 4631 1687 4680 sancto
1701 4626 1730 4680 in
1741 4640 1810 4697 pro-

1005 4733 1018 4762 u
1033 4713 1111 4768 ximo
1126 4714 1245 4786 fugitiva
1260 4715 1354 4769 seculi
1367 4715 1531 4786 relinquere
1547 4717 1576 4768 et
1591 4717 1700 4768 aeterna
1715 4717 1811 4786 capta·

1004 4821 1018 4850 »
1035 4819 1077 4869 re,
1087 4819 1205 4858 necnon
1218 4803 1559 4858 monachicumhabitum
1576 4802 1810 4874 reciperauiluis

1003 4906 1061 4943 non
1078 4890 1174 4945 videat
1188 4890 1266 4945 aliud
1282 4907 1341 4945 esse
1356 4907 1458 4945 vovere
1473 4890 1604 4946 habitum
1616 4889 1809 4946 monasticum

1004 4995 1160 5046 assumere,
1185 4978 1261 5033 aliud
1286 4979 1359 5033 inire
1375 4980 1526 5034 consilium
1546 4980 1705 5036 condendae
1726 4995 1809 5035 noves

1003 5067 1169 5139 religionis?
1190 5067 1319 5139 Cumque
1335 5067 1433 5122 statim
1453 5067 1551 5135 addat,
1569 5091 1583 5118 «ι
1599 5067 1810 5140 quodlvotum)

1005 5178 1018 5204 ιι
1034 5158 1063 5208 et
1078 5155 1106 5208 in
1126 5155 1217 5210 vicino
1244 5158 1394 5227 peractum
1411 5158 1494 5223 esset,
1525 5155 1579 5210 nisi
1600 5159 1668 5210 tunc
1697 5155 1809 5211 Fulcius

1005 5264 1019 5292 α
1035 5242 1158 5297 Romam
1169 5243 1299 5311 abiisset3
1316 5264 1330 5292 »
1346 5243 1390 5297 his
1404 5244 1496 5298 verbis
1506 5245 1573 5299 satis
1584 5244 1677 5299 innuit
1688 5260 1736 5298 eos
1746 5248 1808 5299 tan-

1002 5332 1065 5383 tum
1081 5331 1221 5401 cogitasse
1237 5331 1272 5386 de
1288 5333 1448 5386 monastico
1466 5333 1566 5387 habitu
1587 5315 1736 5388 induendo
1747 5350 1805 5387 uon

1003 5417 1033 5472 in
1045 5435 1129 5485 novo,
1144 5435 1231 5490 quom
1249 5418 1444 5487 instituerent,
1471 5421 1585 5489 ordine,
1602 5422 1694 5477 sedin
1710 5422 1807 5494 aliquo

1002 5505 1122 5562 alterius
1141 5504 1248 5560 ordinis
1269 5508 1472 5563 monasterio.»
