3772 5970
124 220 179 284 tas

554 222 584 281 S.
600 222 774 282 aauuesrs
790 218 1106 282 camnusurteauu
1123 216 1358 276 mammenus

1738 217 1796 279 tad

127 345 250 420 Signino
266 362 316 401 seu
330 344 474 418 Signiensi
489 345 633 421 episcope,
646 349 820 405 concinnata
835 347 931 413 luisse,
943 352 968 408 Α
982 351 1025 401 est
1041 344 1172 410 dubium,
1187 361 1264 410 cum,
1280 348 1477 416 praeterquam
1499 344 1577 417 qued
1588 345 1704 417 ,prieris
1717 362 1735 401 e
1750 346 1795 401 bi-

126 438 228 495 Petrus
243 436 386 493 Diaconus
399 436 578 508 inOpusculo
587 440 626 493 lle
639 439 867 494 virisillustribus
878 437 930 505 Ca·

125 526 287 583 sinensibus
299 542 362 597 cap.
378 524 640 581 3lalibivediserte
656 531 785 582 testatur.
799 529 837 581 Ea
852 527 931 580 sedet

125 615 280 682 sententia,
305 614 393 687 quod,
419 615 549 686 quamvis
565 615 611 669 hic
632 616 755 686 scriptor
776 632 794 669 a
813 615 930 668 veritate

126 702 215 758 etiam
231 702 353 757 subinde
378 702 504 757 deviasse
524 703 766 773 deprehendatur,
789 719 841 756 nec
865 718 931 756 cum

63 778 71 794 ’
125 789 222 846 Leone
241 790 407 857 Marsicam,
422 790 481 861 qui,
506 791 584 863 quod
606 791 710 845 deinde
726 792 826 844 Petrus
840 790 930 844 ceriti·

126 879 235 946 nuavit,
253 878 406 933 casinense
428 878 590 933 Clrrenicon
611 878 728 951 incepit,
749 878 888 950 gravitate
903 881 932 931 et

127 967 297 1023 auctoritate
312 966 523 1037 comparandus
534 965 673 1033 rideatur,
688 967 814 1020 anoni
832 970 930 1020 tamen

126 1053 247 1126 Signino
263 1070 361 1126 opera,
377 1070 441 1125 qua
455 1053 546 1108 sancti
561 1054 645 1124 hujus
667 1055 800 1109 antistitis
813 1070 872 1107 nou
887 1070 930 1106 es·

126 1146 200 1210 sent,
215 1141 376 1214 ascripsisse
392 1142 551 1196 censendus
564 1158 622 1196 nen
640 1143 686 1209 sit,
702 1160 768 1196 eum
786 1142 863 1197 lraud
879 1142 930 1196 du·

126 1231 208 1297 dum,
225 1234 377 1302 postquam
390 1229 436 1283 tric
452 1230 488 1283 acl
498 1230 653 1284 Dominum
666 1230 858 1302 migrasset,in
868 1246 930 1282 niri-

125 1317 252 1374 nasterio
267 1318 424 1384 casinensi,
442 1318 493 1382 uti,
503 1318 551 1388 qui
567 1319 677 1389 primus
692 1319 754 1390 ejus
767 1320 806 1373 lle
820 1318 887 1371 viris
901 1318 932 1371 il·

125 1405 262 1484 lustribus
276 1405 449 1478 opusculum
464 1406 576 1476 publice
592 1407 665 1476 juris
681 1407 759 1473 fecit,
780 1405 856 1477 apud
878 1406 933 1459 llu-

125 1495 266 1551 ratorium
295 1497 366 1548 tom.
388 1493 422 1547 Vl
445 1495 550 1548 lterum
574 1495 737 1549 Italicarum
760 1495 932 1565 scriptorum

981 435 1025 489 nis
1041 435 1117 488 bisce
1132 433 1244 486 Sanctis
1259 449 1331 497 esse,
1346 449 1441 503 neque
1456 450 1471 487 e
1489 435 1574 487 Petro
1591 434 1719 489 [liacone
1742 451 1795 488 ne·

981 540 1036 595 que
1051 522 1176 588 aliunde,
1191 525 1222 575 ut
1234 520 1430 592 jamdictum,
1447 525 1569 587 constet,
1585 522 1647 577 lieri
1661 521 1749 594 possit
1764 527 1798 576 ut

980 611 1011 666 in
1028 627 1095 665 mss.
1109 610 1231 698 cediqes,
1249 610 1278 662 in
1295 609 1399 680 quibus
1412 626 1429 662 a
1444 609 1541 665 ltaure
1557 611 1798 678 ltarchesio,una

981 714 1046 753 cum
1062 699 1196 768 operibus
1212 698 1378 752 Brunonem
1389 697 1571 767 signiensem
1589 702 1668 754 certe
1684 699 1798 753 haben·

981 782 1056 838 tibus
1067 789 1226 852 auctorem,
1242 786 1323 839 luere
1337 785 1456 852 inventi,
1473 786 1588 841 ratione
1605 803 1693 859 supra
1708 803 1799 859 expo·

980 870 1044 938 sita,
1062 876 1092 927 ut
1107 877 1138 928 ut
1153 890 1217 928 vere
1235 874 1326 927 sancti
1348 873 1432 944 hujus
1451 874 1588 929 antistitis
1603 891 1663 930 nen
1684 878 1795 941 essent,

981 959 1088 1015 fuerint
1101 961 1183 1015 illati.

1017 1051 1079 1103 709.
1095 1051 1132 1102 At
1144 1066 1221 1113 rere,
1243 1049 1364 1120 inquies,
1386 1050 1487 1104 Petrus
1507 1050 1536 1104 in
1562 1050 1697 1106 Chroniei
1721 1049 1797 1106 Casi-

981 1137 1078 1191 nensis
1091 1139 1305 1210 supplemento,
1328 1139 1378 1192 lib.
1403 1156 1440 1205 rr,
1460 1155 1523 1210 cap.
1543 1142 1587 1205 et,
1604 1139 1640 1194 de
1655 1140 1796 1194 Brunene

981 1224 1125 1296 signiensi
1140 1227 1178 1280 sie
1195 1226 1331 1281 scribit:«
1346 1228 1407 1280 Non
1425 1231 1523 1282 autem
1545 1227 1623 1282 idem
1642 1229 1687 1283 vir
1702 1227 1796 1282 otiose

981 1312 1028 1366 hie
1044 1313 1143 1369 vixisse
1158 1314 1319 1369 credendus
1334 1318 1386 1381 est,
1400 1315 1447 1385 qui
1466 1316 1537 1369 tates
1551 1332 1583 1369 ac
1598 1319 1695 1370 tantos
1710 1316 1796 1372 nobis

982 1399 1195 1472 scripturarum
1219 1404 1382 1475 exposuerit
1410 1403 1508 1466 libros,
1528 1403 1563 1457 de
1587 1404 1690 1475 quibus
1716 1422 1798 1459 sirin-

983 1506 1073 1544 mam.
1091 1491 1205 1544 illorum
1230 1491 1338 1545 scilicet
1352 1491 1399 1562 qui
1416 1491 1445 1544 in
1463 1492 1568 1545 nestris
1587 1493 1723 1548 manibus
1744 1510 1796 1548 re·

123 1583 249 1638 loannes
265 1581 391 1652 Baptista
415 1583 507 1636 llarus
528 1581 556 1635 in
578 1599 628 1636 sua
656 1583 685 1637 in
709 1582 737 1637 id
763 1582 932 1654 praefatione
982 1594 1062 1645 nere,
1085 1579 1213 1650 pandere
1237 1596 1381 1645 curamus,
1398 1597 1485 1651 super
1508 1581 1691 1647 psalterium,
1708 1599 1799 1654 super

125 1671 230 1742 aliique
243 1670 435 1742 bibliographi
446 1670 674 1740 passimdoeent‚
685 1671 932 1725 bibliothecarium
946 1665 970 1723 R
982 1666 1127 1733 Genesim,
1146 1684 1233 1738 super
1254 1667 1393 1731 Exedum,
1411 1684 1498 1738 super
1522 1669 1690 1737 beriticum,
1708 1687 1797 1743 super

125 1758 418 1830 egerit,credibilique
432 1758 552 1829 proinde
564 1758 610 1824 sit,
623 1758 659 1812 ad
675 1774 794 1812 manum
809 1757 932 1811 cumlia-
983 1756 1152 1822 Numerum,
1175 1773 1261 1829 super
1283 1756 1556 1823 Deuteronomium,
1570 1774 1656 1829 super
1676 1759 1796 1825 isaiam,

123 1846 218 1902 buisse
231 1862 330 1917 opera,
343 1863 406 1917 qum
421 1844 553 1900 aSancte
570 1845 814 1918 illeprcesule‚qui
830 1849 858 1899 et
874 1845 933 1916 ipse
949 1904 961 1924 o
982 1860 1069 1915 super
1084 1843 1201 1898 Cantica
1221 1845 1412 1909 canticorum,
1437 1862 1523 1916 super
1541 1845 1684 1913 iudicum,
1707 1864 1798 1919 super

124 1934 290 2005 aliquandiu
305 1934 333 1987 in
345 1935 522 1989 monasterio
539 1934 684 1989 Cesinensi
701 1935 877 1989 monachum
893 1936 934 1989 at·
982 1932 1192 2002 Apocalypsim.
1204 1933 1243 1986 [le
1255 1933 1341 1987 totius
1354 1936 1451 1986 aretem
1466 1933 1535 1986 anni
1545 1933 1747 1988 festivitatibus
1756 1938 1798 1989 at·

124 2037 180 2094 que
194 2022 281 2076 etiam
298 2022 432 2077 abbatem
445 2024 555 2093 egerat,
566 2022 671 2094 scripta
686 2038 757 2088 esse,
772 2022 836 2077 loco
846 2021 932 2075 citato
983 2035 1039 2092 que
1056 2018 1154 2073 diebus
1180 2020 1338 2073 Dominicis
1363 2020 1525 2092 composuit
1548 2037 1700 2076 sermones
1715 2039 1797 2077 sexa·

121 2112 292 2163 asserverat.
983 2107 1066 2179 ginta
1076 2123 1191 2166 nrrvem.
1205 2108 1346 2162 homelias
1359 2112 1476 2162 centum
1488 2109 1795 2181 quinquagintaquin-

159 2197 221 2252 708.
237 2196 306 2250 ltine
322 2212 387 2250 cum
405 2198 505 2250 Petrus
520 2196 672 2263 Diaconus,
691 2197 776 2252 tuisse
790 2215 807 2251 a
822 2199 932 2252 Bruno·
983 2212 1049 2268 que.
1069 2218 1082 2243 »
1098 2196 1205 2260 Quibus
1219 2197 1312 2251 serbis
1328 2213 1393 2251 cum
1416 2199 1516 2251 l‘etrus
1538 2198 1679 2252 lliacenus
1695 2198 1796 2270 plures

123 2299 162 2339 ne
177 2283 319 2356 Signiensi
331 2285 538 2354 expositionem
557 2285 585 2339 in
599 2286 781 2351 Psalterium,
799 2286 826 2339 in
841 2286 931 2339 Geue·
983 2300 1131 2338 sermones
1153 2284 1346 2356 homiliasque
1369 2284 1398 2339 S.
1419 2285 1558 2351 Bruneni,
1576 2285 1720 2356 Signiensi
1734 2287 1796 2358 epi·

123 2371 190 2440 sim,
206 2372 235 2426 in
252 2373 391 2440 Exedum,
414 2372 442 2426 in
469 2372 636 2439 berbicum,
659 2373 688 2427 in
708 2374 877 2441 Numerum,
902 2375 931 2427 in
981 2388 1079 2443 scopo,
1092 2373 1335 2444 attribuat,quam
1352 2389 1415 2444 cap.
1430 2376 1463 2427 at
1475 2375 1514 2429 De
1527 2373 1619 2427 viriris
1635 2374 1797 2429 illustribus

124 2461 396 2529 Deuteronomium,
416 2461 446 2514 in
467 2460 585 2515 Cantica
604 2461 783 2516 canticorum
797 2465 826 2516 et
839 2462 866 2516 in
882 2464 930 2516 Ju·
980 2464 1139 2526 recenseat,
1157 2460 1300 2531 simulque
1316 2477 1377 2515 sese
1390 2461 1498 2528 emnia,
1515 2478 1578 2532 quae
1590 2479 1605 2516 a
1616 2460 1724 2517 Sancto
1738 2463 1795 2518 hoc

126 2548 224 2605 dicum
248 2550 454 2620 conscriptam,
474 2549 567 2620 capite
585 2548 672 2604 citato
694 2550 841 2622 prefatus,
864 2566 931 2605 mox
981 2548 1109 2604 antistite
1125 2549 1284 2618 composita
1307 2549 1398 2615 tuere,
1415 2565 1504 2620 opera
1525 2549 1561 2602 ad
1587 2565 1709 2604 manum
1733 2566 1794 2605 nen

123 2637 280 2710 subjungat
299 2655 305 2692 :
329 2660 343 2687 a
366 2637 442 2692 Fecit
466 2639 495 2692 et
508 2636 662 2692 Sermones
672 2638 786 2693 hes:lle
801 2638 931 2693 laudibus
979 2636 1112 2691 habuisse
1125 2636 1237 2703 innuat,
1252 2637 1313 2692 fiori
1330 2637 1412 2691 tacite
1430 2640 1525 2707 potest
1546 2642 1576 2690 ut
1597 2652 1747 2694 sermones
1763 2641 1794 2694 in

126 2726 258 2782 Ecclesiae
279 2725 307 2780 in
330 2725 510 2780 dedicatione
535 2726 647 2798 templi,
670 2727 709 2781 De
728 2727 873 2793 Paradiso,
891 2728 930 2782 lle
982 2722 1108 2796 Operum
1126 2725 1153 2780 S.
1167 2725 1309 2780 Brunonis
1320 2726 1501 2781 carthusiani
1514 2726 1688 2781 editionibus
1703 2744 1794 2799 supra

124 2830 192 2870 arca
206 2814 275 2881 Nee,
292 2815 332 2868 Ile
341 2815 525 2869 tabernaculo
542 2813 716 2879 ioederis‚lle
731 2816 838 2887 temple
854 2815 932 2871 Sale·
980 2814 1654 2884 memoratisSanctihujusPatriarcluenemine
1669 2817 1793 2888 vulgati,

124 2902 230 2968 menis,
247 2903 321 2957 etde
333 2901 463 2968 muliere,
480 2918 532 2973 per
548 2919 634 2974 quam
651 2903 775 2957 Ecclesia
788 2904 930 2974 signitica-
980 2905 1049 2956 utut
1059 2902 1136 2973 apud
1149 2904 1265 2957 Petrum
1281 2903 1438 2957 Diaconum
1447 2902 1669 2958 iohemiliarum
1681 2921 1795 2960 sermo-

126 2993 184 3046 tur.
208 2992 248 3045 lle
271 2990 384 3046 civitate
410 2993 508 3045 saneta
526 2991 719 3058 Hierusalem3
736 2992 776 3046 De
796 2991 928 3057 basilicis,
981 3006 1109 3061 numque
1120 2989 1149 3044 S.
1161 2989 1303 3045 Bruoenis
1319 2989 1429 3062 Signini
1444 2991 1563 3045 elencho
1580 2991 1670 3046 titulis
1684 3008 1792 3063 parum

125 3095 189 3154 quae
204 3080 240 3134 ab
254 3078 394 3151 episcopis
402 3078 581 3134 dedicantur.
590 3081 662 3134 ltem
669 3081 709 3135 De
718 3081 930 3151 evangeliis31le
980 3078 1253 3133 usitatisinselitisre
1266 3077 1794 3148 allectinonreperiantur,concinna·

126 3166 307 3224 ornamentis
322 3166 462 3234 Ecclesiae,
475 3167 515 3220 De
524 3167 640 3234 haene
654 3184 715 3238 spe,
727 3169 766 3222 [lc
779 3168 929 3234 charitate,
980 3166 1107 3221 litamen
1116 3183 1182 3221 rere
1197 3167 1233 3220 ab
1249 3167 1302 3221 hec
1313 3166 1430 3221 tuerint.
1447 3167 1559 3234 Fateor,
1572 3167 1612 3221 sic
1622 3168 1711 3223 habet
1723 3185 1730 3222 :
1742 3186 1792 3224 ve-

125 3257 167 3313 Dc
182 3255 756 3327 quattmrvirtutibus,Dehumititatc,lle
769 3256 930 3312 misericor·
980 3271 1046 3309 rum
1062 3271 1126 3308 cum
1150 3255 1286 3326 equidem
1310 3255 1444 3309 homitias
1465 3272 1672 3328 sermonesque
1700 3255 1795 3313 dictos

126 3342 184 3408 dia,
200 3344 240 3397 Ile
255 3358 336 3414 pace,
352 3343 392 3396 lle
408 3342 556 3414 patientia,
579 3345 618 3398 lle
644 3344 783 3410 castitate,
803 3346 842 3399 [le
863 3346 931 3399 ebe·
981 3343 1146 3397 Brunonem
1172 3342 1353 3414 Signicnsem
1369 3344 1476 3399 habere
1495 3349 1655 3413 auctorem,
1671 3362 1687 3400 e
1705 3348 1793 3403 Petro

127 3429 247 3495 dientia,
265 3430 300 3484 de
316 3429 489 3484 abstinentia
507 3447 513 3484 :
534 3431 585 3485 Ubi
607 3431 729 3486 Ecclesia
746 3435 875 3499 ornatur,
892 3433 931 3487 lle
982 3431 1107 3486 Diaceno
1119 3434 1240 3498 certum,
1255 3435 1284 3485 ut
1294 3432 1358 3502 jam
1369 3431 1557 3500 dictum,non
1569 3433 1614 3501 sit,
1625 3433 1794 3507 fuerintque

127 3533 202 3574 neve
222 3517 342 3583 mundo,
358 3518 399 3571 De
414 3516 490 3571 coelis
503 3518 593 3585 neris,
603 3519 643 3573 De
655 3518 777 3575 nubibus
790 3519 879 3587 novis,
891 3523 931 3575 lle
982 3536 1014 3576 cx
1026 3520 1089 3590 jam
1104 3536 1190 3592 supra
1203 3520 1284 3574 dic'is
1296 3519 1383 3574 iidem
1400 3525 1459 3575 tam
1472 3521 1501 3575 in
1513 3521 1795 3578 codicibusmssmn·

126 3603 275 3662 montibus
290 3604 380 3671 nevis,
397 3606 437 3660 lle
458 3605 607 3661 arboribus
627 3607 715 3675 novis,
732 3609 772 3663 Ile
788 3608 932 3679 potestati·
982 3608 1077 3679 tiquis,
1089 3608 1147 3679 qui,
1164 3625 1228 3679 quae
1239 3607 1418 3663 S.ltrunenis
1434 3609 1614 3664 Carthusiani
1626 3613 1793 3681 certesunt,

126 3691 181 3749 bus
196 3692 285 3759 novis,
301 3694 340 3748 lle
357 3692 430 3747 mari
447 3696 476 3747 et
491 3692 774 3764 piscatoribusnovis‚
787 3697 933 3751 Ilearihus
982 3713 1067 3769 opera
1086 3698 1362 3768 complectebantur,
1378 3715 1464 3769 quam
1484 3697 1513 3751 in
1529 3698 1675 3754 codicibus
1689 3700 1794 3755 itidem

127 3781 219 3848 nevis,
234 3783 274 3836 lle
291 3781 458 3836 fluminibus
471 3781 561 3850 novis,
578 3784 618 3836 lle
630 3782 801 3838 animalibus
816 3780 906 3848 nevis,
918 3801 932 3828 u
982 3801 1050 3840 mss.
1068 3784 1202 3856 antiquis,
1218 3785 1355 3857 qui‚quas
1370 3803 1457 3841 neure
1468 3787 1596 3841 Bruneni
1612 3787 1732 3860 Signino
1742 3806 1796 3845 ne·

125 3869 216 3926 libros
239 3886 289 3925 seu
315 3872 455 3926 tractatus
476 3873 544 3937 tres,
570 3887 650 3925 num.
667 3872 719 3925 703
743 3873 931 3936 memoratos,
982 3878 1043 3946 gat,
1070 3873 1284 3928 lucubrationes
1319 3875 1518 3943 continebant,
1544 3876 1663 3948 reperti,
1693 3877 1792 3935 sintne

126 3955 290 4030 Sancteque
307 3962 404 4013 nostro
420 3957 450 4012 in
466 3957 934 4029 praelatiseperumejuseditioni·
981 3962 1047 4016 huic
1063 3960 1167 4017 Sancto
1184 3977 1217 4016 ex
1233 3961 1335 4016 ordine
1349 3963 1535 4017 Benedictine
1552 3955 1678 4034 praes'uli,
1691 3983 1729 4021 au
1740 3984 1794 4041 pe·

126 4043 181 4101 bus
195 4044 344 4116 ascriptos,
361 4060 485 4115 querum
501 4043 621 4115 primus,
634 4044 664 4098 in
678 4044 772 4115 capita
785 4047 850 4100 oete
866 4044 933 4098 divi·
982 4047 1039 4102 tius
1059 4047 1088 4103 S.
1111 4049 1249 4117 Bruneni,
1266 4049 1521 4107 carthusianorum
1540 4053 1695 4109 institutori
1709 4057 1792 4112 uitri·

126 4147 203 4202 sus,«
216 4132 255 4186 Dc
266 4130 543 4198 laudibusllcclesice,
552 4131 933 4202 »secundus‚capitaduode·
981 4137 1100 4205 huendi,
1117 4142 1217 4194 manet
1229 4140 1321 4194 adhuc
1337 4139 1468 4194 dubium.

127 4216 185 4273 cim
199 4219 404 4289 complectens,
421 4239 436 4266 «
458 4219 497 4272 [le
513 4219 693 4273 ornamentis
712 4220 851 4289 Ecclesia,
871 4243 885 4270 »
901 4208 971 4276 acD
1018 4228 1079 4280 710.
1106 4226 1162 4280 Nec
1177 4229 1220 4281 est
1242 4228 1320 4299 qued
1346 4245 1481 4299 reponas,
1504 4235 1635 4287 constare
1657 4233 1759 4288 saltem
1776 4252 1792 4290 e

125 4305 228 4360 tertius
243 4305 378 4378 denique,
395 4305 534 4376 capitibus
549 4306 650 4361 decem
664 4306 811 4376 discretus,
829 4311 868 4365 oe
883 4327 932 4366 no·

126 4391 168 4447 ris
179 4391 413 4461 inscribitur,aS.
428 4395 574 4462 Brunone,
587 4395 707 4468 Signino
723 4413 772 4451 seu
789 4397 931 4470 Signiensi

126 4480 272 4553 episcopo,
288 4481 375 4537 luisse
395 4482 490 4555 reipsa
509 4487 667 4552 contextos,
683 4485 931 4542 verosimillimum

126 4569 319 4639 etitulorum,
343 4575 561 4642 argumentum,
587 4572 664 4645 qued
683 4576 818 4641 tractent,
841 4576 932 4648 expri-

125 4658 280 4726 mentium,
303 4658 465 4726 insolentia,
491 4675 540 4714 seu
562 4661 699 4731 novitate,
721 4663 797 4733 apud
813 4664 929 4718 Petrum

124 4745 284 4803 Diaconum
297 4762 411 4818 quoquc
426 4746 471 4801 hie
483 4753 661 4817 occurrente,
674 4755 804 4820 apparet.
812 4751 928 4819 Verum,

123 4835 202 4908 quod
213 4835 249 4889 ad
258 4835 374 4903 librum,
383 4834 431 4906 qui
443 4857 456 4885 a
464 4836 504 4891 ee
513 4835 713 4892 festivitatibus
721 4839 928 4895 festivitatum»

121 4921 298 4992 inscribitur,
323 4927 443 4997 spectat,
471 4941 537 4980 cum
565 4926 622 4993 hie,
645 4931 730 4997 prout
750 4928 808 4983 sire
832 4929 928 4985 Sancti

121 5012 212 5070 nestri
240 5013 296 5069 sive
325 5013 467 5069 Brunonis
482 5013 594 5085 Signini
621 5015 739 5070 nomine
763 5021 806 5071 est
824 5019 927 5089 editus,

120 5116 334 5158 sermoneseon
343 5118 458 5175 peuces,
467 5118 539 5174 quos
547 5119 642 5174 neque
651 5120 684 5158 ex
694 5104 775 5159 titulo
789 5105 927 5177 singulari

120 5206 170 5247 seu
186 5205 289 5261 parum
305 5191 427 5262 vulgari,
450 5192 499 5264 qui
526 5193 603 5263 apud
629 5194 746 5248 Petrum
767 5194 926 5250 lliaconum

119 5292 233 5350 queque
246 5279 308 5332 lece
331 5278 460 5350 proxime
480 5279 527 5335 cit.
544 5283 684 5346 occurrat,
700 5298 794 5353 neque
809 5282 925 5338 aliunde

116 5366 208 5421 sancti
219 5365 293 5420 illius
305 5366 439 5421 antistitis
454 5383 514 5422 esse
527 5373 605 5424 certo
619 5373 741 5437 constat,
750 5371 923 5439 complecta-

114 5453 173 5525 tur,
189 5451 282 5508 sintne
295 5452 362 5510 huic
379 5452 430 5526 itti,
443 5470 479 5510 an
495 5454 600 5516 Sancte
614 5461 712 5515 nostre
729 5457 917 5534 attribuendi,

982 4314 1067 4368 Petro
1084 4312 1221 4383 Diacone,
1248 4317 1344 4386 plures
1364 4316 1450 4372 tuisse
1473 4335 1490 4373 a
1512 4320 1647 4375 Brunone
1669 4319 1792 4392 Signino

982 4418 1131 4457 sermones
1151 4403 1336 4475 compositos,
1353 4422 1459 4476 eosque
1484 4408 1618 4479 proinde,
1635 4408 1793 4481 dequibus

981 4489 1027 4544 hic
1049 4489 1226 4555 disserimus,
1259 4493 1325 4547 huic
1350 4494 1444 4565 petius
1462 4511 1534 4563 esse,
1553 4513 1641 4568 quam
1662 4498 1793 4574 Bruneui

982 4579 1170 4636 Carthesiane
1186 4581 1370 4637 ascribendos
1383 4599 1389 4636 :
1404 4584 1445 4637 uti
1459 4584 1549 4651 enim,
1561 4586 1630 4656 quin
1641 4587 1737 4642 Rrune
1748 4586 1793 4642 Si·

981 4666 1108 4739 gniensis
1124 4668 1228 4738 plures,
1242 4667 1300 4723 imo
1316 4670 1457 4741 plurimes
1472 4687 1621 4728 sermones
1636 4673 1793 4730 concinna·

980 4754 1028 4822 rit,
1047 4755 1255 4827 ambigendum
1269 4775 1328 4811 non
1343 4762 1397 4827 est,
1412 4758 1453 4812 ita
1469 4776 1533 4828 nec,
1548 4761 1618 4832 quin
1638 4761 1667 4816 id
1690 4763 1790 4821 Bruno

980 4847 1078 4897 nester
1092 4843 1202 4911 lactarit,
1219 4845 1346 4900 revocari
1362 4850 1456 4919 petest
1469 4846 1498 4901 in
1516 4847 1695 4916 dubium,lta
1711 4852 1792 4907 celli-

980 4931 1107 5002 gendum
1123 4947 1190 4986 reor
1211 4949 1226 4987 e
1241 4932 1336 4987 Sancti
1355 4938 1415 4987 tum
1436 4935 1598 5006 Epitaphio,
1615 4941 1677 4992 tum
1692 4939 1789 4997 Titulo

978 5018 1103 5086 funebri,
1120 5019 1196 5075 inter
1216 5021 1396 5077 recudendos
1420 5024 1486 5090 tea;
1512 5024 1542 5078 in
1565 5025 1653 5098 priori
1677 5027 1789 5084 enims

979 5106 1052 5162 binis
1075 5108 1152 5162 hisce
1174 5110 1373 5164 monumentis
1397 5111 1533 5183 antiquis,
1551 5114 1627 5185 quod
1643 5115 1789 5172 Brunonis

976 5197 1087 5250 tumulo
1112 5196 1167 5250 luit
1182 5198 1347 5269 ascriptum,
1364 5197 1484 5255 Sanctus
1509 5201 1555 5256 hic
1579 5201 1788 5262 Carthusiano·

976 5298 1041 5336 rum
1054 5282 1202 5338 lustituter
1218 5283 1254 5337 ita
1266 5286 1387 5356 loquens
1402 5285 1565 5343 inducitur:

1026 5372 1138 5427 Primus
1153 5376 1180 5426 in
1193 5375 1242 5428 ltec
1255 5391 1339 5430 eremo
1352 5374 1458 5433 Christi
1470 5378 1602 5447 fundator
1621 5380 1708 5438 ovilis.

1078 5461 1222 5519 Promerui
1230 5464 1299 5536 fieri,
1314 5466 1362 5541 qui
1373 5471 1445 5538 tepor
1455 5466 1503 5523 tec
1519 5466 1616 5542 lapide.

1016 5553 1029 5581 ,
1232 5566 1233 5570 ,
