3772 5970
70 348 142 414 issi
541 339 719 412 arrosmo
739 352 774 410 m
794 340 960 412 rennues
976 385 1012 399 -
1030 351 1127 413 psat.
1148 340 1266 412 cristi
1651 361 1720 419 vass

71 477 122 545 tui,
138 477 215 544 Sion,
230 477 259 532 id
272 480 314 531 est
327 471 395 532 dum
408 477 443 531 de
459 475 605 547 lejugiter
619 475 822 547 cogitaremus,
835 475 871 529 ad
884 477 981 538 Atern
997 476 1127 531 dixerant
1142 493 1171 531 se
1183 478 1326 532 canticum
1342 472 1462 534 coeleslis
1476 474 1652 535 Hierusalem
1674 482 1719 536 in-

71 582 159 639 quam
174 565 374 620 metuebamus
388 581 437 621 eos
461 565 626 619 submersos
641 579 789 635 nunquam
810 579 870 617 essa
920 563 1051 619 lldelibus
1064 581 1122 628 non
1149 568 1323 632 cantaturos,
1344 582 1381 621 ne
1404 566 1569 623 viderentur
1588 568 1719 626 Hierusa-

71 658 267 724 pcrvenluros.
919 652 978 706 lem
991 653 1128 709 oblivioni
1150 654 1254 722 daturi,
1272 657 1425 709 removent
1440 654 1487 709 hic
1509 655 1548 709 sic
1562 673 1568 709 :
1584 654 1720 720 Quamvis

104 741 237 807 Sedima,
251 742 418 815 inquam,et
429 742 597 810 devitasset
606 740 796 812 corporaliter
805 755 871 794 con·
919 757 978 794 non
993 740 1081 795 simus
1095 742 1237 797 cantaturi
1252 743 1395 797 canticum
1410 743 1527 799 Domini
1545 744 1718 812 inlidelibus,

69 830 209 884 versando
219 832 250 884 in
257 830 392 895 salicibus,
405 830 433 884 id
446 833 488 884 est
499 829 576 883 inter
586 828 690 900 impios
699 829 750 902 qui
760 828 869 882 steriles
919 830 1018 883 tamen
1034 845 1182 901 nunquam
1200 830 1304 885 oblitus
1321 847 1370 886 ero
1385 831 1561 886 Hierusalem
1572 849 1579 900 ;
1590 833 1668 904 quod
1683 834 1719 888 de

68 918 181 972 suntab
198 919 332 990 operibus
343 918 436 985 bunis,
450 917 515 972 ideo
526 918 603 989 quod
618 916 867 981 salicesdicuntur,
919 930 954 970 ea
967 933 1026 970 non
1042 920 1156 972 cantem
1168 917 1244 973 inter
1258 918 1367 985 ssdeles,
1384 918 1432 990 qui
1447 919 1514 974 huie
1528 920 1639 974 cantico
1653 924 1721 977 sunl

68 1022 134 1061 cum
146 1007 245 1062 salices
255 1007 493 1062 sterilcsarbores
502 1006 568 1060 sint.
578 1005 611 1060 ln
627 1005 750 1060 salicibus
763 1005 825 1058 dieo
841 1006 867 1057 in
917 1003 1036 1059 habiles.
1053 1005 1136 1069 Quod
1159 1008 1183 1059 si
1197 1006 1295 1062 oblitus
1316 1008 1393 1076 sciero
1418 1010 1468 1074 lui,
1480 991 1506 1061 ⁴o
1532 1007 1717 1077 Hierusalem,

66 1095 153 1149 aredio
166 1096 222 1166 ejus
236 1096 400 1167 Babyloniae
411 1094 607 1161 existentibus,
615 1094 792 1165 scilicetqnae
804 1093 867 1164 jam
918 1092 994 1163 quod
1010 1094 1106 1150 omnis
1119 1093 1233 1148 devotio
1249 1110 1315 1149 mea
1329 1095 1366 1150 ad
1376 1097 1403 1149 te
1418 1110 1477 1149 non
1488 1096 1631 1163 intendat,
1640 1096 1719 1169 quod

67 1188 151 1239 erant
165 1185 194 1239 in
208 1185 354 1257 profundo
368 1182 529 1253 Babylonis,
540 1183 617 1236 unde
633 1182 796 1236 nullatenus
807 1183 868 1252 pot·
917 1179 953 1234 de
967 1181 996 1234 te
1010 1196 1068 1235 non
1083 1185 1198 1236 cantem
1221 1181 1276 1237 illis
1294 1182 1342 1254 qui
1364 1183 1402 1236 ad
1420 1183 1475 1238 lroe
1498 1186 1583 1238 eruut
1608 1183 1717 1252 idonei,

66 1276 152 1326 erant
185 1272 266 1339 erui;
297 1271 481 1342 suspendimus
508 1286 610 1338 arpano
636 1276 725 1323 nostra
752 1268 788 1323 ab
812 1267 868 1321 illis
916 1267 1023 1324 dextera
1037 1287 1106 1336 mea,
1122 1270 1207 1325 idest
1221 1270 1299 1325 bona
1314 1271 1444 1342 operatio
1460 1287 1537 1337 mea,
1553 1270 1630 1326 detor
1650 1272 1717 1327 otti-

27 1347 28 1350 *
65 1359 207 1427 salicibus,
224 1359 252 1414 id
267 1362 310 1413 cst
324 1357 522 1429 elongavimus
536 1359 565 1409 et
576 1354 778 1426 ⁴separavimus
792 1370 866 1425 prce·
916 1359 998 1420 aioni,
1014 1358 1086 1413 adeo
1100 1362 1130 1412 ut
1140 1375 1290 1430 nunquam
1301 1363 1534 1413 remunerentur.
1549 1360 1597 1414 Vel
1609 1359 1717 1416 dextera

66 1445 398 1501 dicationesnostrasab
420 1444 475 1499 illis
498 1442 594 1514 impiis
617 1442 769 1497 sterilibus.
798 1441 866 1506 Qum
916 1462 985 1514 mea,
1001 1446 1030 1500 id
1050 1450 1093 1500 est
1115 1447 1266 1502 collocatio
1281 1463 1348 1502 mea
1365 1447 1402 1502 ad
1425 1446 1574 1503 dexteram
1597 1448 1648 1503 Dei
1664 1451 1716 1504 Pa-

67 1535 287 1606 prndicutiones
297 1549 408 1605 organa
419 1532 709 1602 dicuntur,quantum
718 1530 756 1584 ad
768 1529 866 1584 fideles
916 1534 978 1601 tris,
990 1551 1076 1606 quam
1085 1539 1227 1606 exspecto,
1240 1534 1460 1602 deturobtivioni,
1470 1535 1509 1590 sic
1520 1539 1551 1589 ul
1565 1552 1716 1608 nunquam

64 1624 294 1696 auditores,quos
307 1623 450 1677 delectant
463 1620 866 1691 admodumorganorum3ac
916 1637 982 1676 eam
1003 1622 1152 1694 adipiscar.
1174 1623 1223 1676 Vel
1245 1622 1351 1676 dextera
1373 1639 1442 1690 mea,
1468 1622 1563 1677 idest
1587 1624 1716 1694 operatio

63 1712 198 1767 sidicat:
217 1712 283 1767 ldeo
296 1711 534 1783 praedicationem
550 1709 585 1763 ab
602 1709 642 1763 eis
656 1708 864 1779 elongavimus,
916 1724 982 1765 mea
1004 1711 1081 1766 bona
1102 1711 1180 1764 detur
1198 1710 1338 1778 alliciant,
1356 1710 1451 1765 idest
1470 1710 1619 1767 obliviscar
1642 1712 1717 1767 bene

64 1802 203 1874 quoniam
217 1817 265 1855 eos
281 1816 342 1855 esse
356 1799 467 1853 steriles
482 1801 511 1852 et
525 1797 682 1852 obstinatos
704 1796 734 1850 in
757 1795 866 1850 malitia
878 1785 904 1844 Β
916 1799 1040 1870 operari.
1056 1801 1090 1854 El
1103 1816 1161 1855 non
1177 1799 1272 1854 solum
1286 1799 1340 1854 hoc
1354 1798 1547 1854 intortunium
1562 1799 1633 1855 milri
1646 1817 1715 1856 con-

62 1887 498 1960 eognovimus.UndeD0minus
508 1885 591 1941 dicit:
608 1908 622 1937 a
635 1884 865 1939 Nolitesanctum
917 1887 1020 1958 tingat,
1043 1888 1094 1943 scd
1111 1887 1204 1942 etiam
1233 1887 1366 1942 adhereat
1393 1888 1485 1956 linpoa
1513 1904 1571 1943 mea
1591 1889 1716 1958 faucibus

63 1977 134 2030 dare
146 1977 273 2043 canibus,
288 1993 340 2030 nec
355 1974 527 2047 margaritas
546 1990 655 2044 ponere
674 1976 742 2027 ante
763 1988 865 2043 porcos
914 1977 990 2040 meu,
1005 1975 1033 2030 id
1048 1981 1090 2030 est
1105 1979 1201 2030 mutus
1219 1975 1288 2029 fiam
1303 1977 1445 2048 quantum
1460 1974 1498 2030 ad
1510 1975 1618 2031 bonam
1637 1977 1715 2032 locu·

61 2062 177 2131 (Matris.
195 2080 242 2132 vn,
262 2064 301 2134 a).
320 2084 333 2112 »
349 2063 382 2116 Et
396 2061 548 2132 Apostolus
560 2061 597 2115 ad
608 2060 723 2113 Titum:
741 2080 755 2109 a
769 2059 864 2112 Hiere-
914 2063 1026 2118 tionem
1042 2079 1049 2118 :
1066 2063 1283 2119 asimilitudine
1299 2063 1372 2118 illius
1392 2063 1440 2135 qui
1462 2079 1528 2118 cunr
1543 2080 1594 2119 sua
1617 2065 1717 2136 lingua

61 2150 153 2205 ticum
166 2151 318 2206 hominem
334 2154 399 2221 post
413 2148 569 2204 secundam
586 2150 615 2202 et
630 2147 746 2201 tertiam
767 2161 863 2201 corre·
914 2150 1112 2206 faucibussuis
1122 2151 1279 2218 adhaereat,
1294 2167 1352 2207 non
1369 2153 1464 2223 potest
1477 2151 1565 2223 loqui.

61 2239 196 2311 ptionem
213 2239 308 2294 devita
324 2238 355 2306 (1
365 2240 395 2293 it.
410 2254 451 2304 m,
474 2239 528 2307 10],
543 2257 556 2285 n
573 2239 627 2291 etc.
644 2236 742 2290 Posset
756 2233 864 2305 objici:
949 2240 1103 2308 Adtaerear,
1115 2237 1248 2312 inquam,
1269 2241 1361 2310 lingua
1383 2258 1442 2296 mea
1462 2241 1587 2311 saucibus
1605 2243 1679 2308 mets,
1694 2243 1719 2296 si

61 2327 158 2390 Quare
175 2326 266 2381 dicitis
281 2343 330 2381 vos
354 2342 464 2397 organa
485 2323 722 2396 praedicationum
745 2338 864 2394 suspen·
915 2345 968 2384 non
982 2347 1123 2385 ‚nemmem
1140 2332 1187 2383 toi.
1204 2328 1284 2384 ldem
1300 2331 1352 2397 est,
1366 2332 1390 2383 n·
1412 2328 1513 2383 oblitos
1528 2330 1605 2399 suero
1622 2333 1671 2397 roi,
1688 2334 1717 2386 et

62 2414 159 2469 disse‘l
169 2413 483 2486 Fuitnequisquamqui
492 2411 729 2483 pradicationem
740 2413 865 2465 vestram
915 2420 939 2471 n·
949 2435 1002 2472 non
1015 2434 1158 2473 mnnznero
1167 2418 1269 2485 ration
1279 2417 1546 2489 propterdiversum
1560 2417 1716 2489 repetitum

61 2502 231 2574 expeteret?
246 2503 315 2557 Huic
332 2503 419 2573 igitur
434 2501 635 2572 antipopboroe
650 2499 713 2555 talis
727 2498 811 2553 datur
823 2514 866 2553 re·
916 2507 969 2560 nst.
984 2506 1047 2560 Non
1060 2506 1154 2560 solum
1167 2508 1266 2560 autem
1281 2507 1423 2559 meminero
1439 2507 1480 2558 toi
1494 2507 1650 2576 uteunque,
1667 2503 1719 2560 sad

62 2590 201 2661 sponsio:
217 2591 283 2645 ldco
296 2606 347 2644 nos
362 2589 537 2661 suspendere
557 2604 667 2659 organa
679 2587 785 2654 decuit,
801 2589 864 2658 quia
916 2580 1717 2664 etiamp'flierusalem',proponam,idestanteponnmte

63 2678 107 2731 itti
120 2680 168 2749 qui
176 2680 297 2747 captivos
311 2678 443 2731 disserant
459 2693 516 2744 nos,
525 2675 554 2730 id
563 2680 607 2730 est
616 2675 738 2746 maligni
750 2673 866 2745 spiritus
916 2685 943 2736 in
955 2682 1098 2752 principio,
1114 2681 1144 2735 id
1166 2685 1209 2735 cst
1229 2681 1425 2752 proecipuitata
1438 2681 1538 2735 laetitiae
1551 2698 1625 2748 meae,
1642 2681 1715 2735 scili·

63 2765 114 2838 qui
128 2782 180 2835 per
191 2765 284 2820 Adam
300 2765 329 2819 in
343 2765 538 2835 captivitatem
551 2764 625 2817 hanc
641 2761 825 2817 mortalitatis
837 2764 866 2814 ul
915 2769 995 2823 celsi
1010 2769 1065 2822 huc
1082 2769 1154 2822 milri
1167 2768 1331 2840 contigerit,
1348 2772 1379 2822 ut
1392 2768 1428 2822 de
1447 2768 1544 2824 mullis
1558 2770 1643 2824 rebus
1655 2768 1717 2824 aliis

67 2852 265 2925 passibilitatis
274 2852 454 2907 adduxerunt
467 2867 529 2918 nos,
542 2851 599 2905 illic
608 2850 769 2915 existentes,
784 2848 866 2902 idest
915 2856 1007 2922 loeter,
1022 2857 1052 2909 tu
1067 2859 1164 2909 tamen
1181 2855 1216 2910 de
1227 2870 1284 2927 qua
1297 2855 1495 2927 adispiscenda
1502 2857 1564 2927 jam
1579 2874 1660 2929 spem
1670 2856 1718 2910 ha·

64 2941 96 2996 in
114 2941 245 2996 salicibus
260 2942 315 2996 illis
329 2941 527 3012 praesidentes,
543 2956 595 3012 per
609 2939 683 3011 ipsas
705 2937 805 2993 salices
822 2938 865 2991 lo·
916 2942 982 3011 beo,
997 2942 1160 3016 principum
1174 2943 1240 3009 eris,
1251 2942 1281 2996 id
1296 2945 1339 2997 est
1351 2943 1495 3015 praecipua
1513 2960 1598 2999 causa
1610 2943 1716 2998 letitia

64 3029 182 3101 quendo
196 3031 425 3099 interrepaverunt
440 3044 486 3082 nos
500 3027 580 3081 verta
594 3028 757 3094 cantionum,
780 3025 809 3080 id
824 3027 866 3078 est
881 3047 999 3119 Cmeae,
1011 3031 1093 3086 Unde
1102 3030 1276 3086 Dominusin
1287 3030 1440 3101 Evangelio
1452 3049 1458 3086 :
1470 3054 1483 3083 a
1496 3032 1626 3086 primum
1642 3049 1718 3104 qum.

62 3117 153 3173 verba
169 3117 420 3188 predicationum,
438 3133 502 3188 quie
515 3115 646 3171 fidelibus
663 3116 729 3169 sunt
742 3114 864 3168 delecta·
916 3119 971 3174 rite
982 3134 1105 3190 regnum
1116 3116 1165 3171 Dei
1179 3115 1288 3187 {Hatita
1300 3134 1338 3186 vr,
1354 3119 1406 3186 3³).
1417 3138 1433 3171 a
1442 3119 1504 3175 lton
1520 3118 1588 3173 dicit
1597 3120 1718 3189 primum

65 3205 140 3260 biles
155 3210 186 3260 ut
198 3206 356 3261 cantiones.
373 3204 609 3274 Interrupavemmt
624 3203 742 3275 quidem
758 3218 816 3256 non
834 3204 866 3256 ut
917 3209 1057 3279 quantum
1077 3205 1114 3260 ad
1129 3203 1274 3273 ordinem,
1287 3205 1428 3261 sedidem
1443 3210 1486 3261 est
1500 3223 1533 3262 ac
1547 3207 1571 3261 si
1584 3206 1692 3262 diceret
1707 3223 1715 3261 ε

63 3295 106 3349 eis
121 3295 424 3367 obtemperarent,sed
437 3297 468 3349 ut
480 3311 514 3349 ea
526 3296 697 3367 spernerent
710 3296 740 3347 et
754 3292 867 3348 concul-
916 3292 1061 3365 Praecipue
1077 3294 1186 3365 quarite
1199 3309 1259 3360 ore,
1270 3293 1368 3360 corde,
1379 3297 1408 3349 et
1419 3310 1516 3367 opere,
1527 3311 1639 3365 regnum
1652 3294 1715 3363 Dei,

62 3388 172 3440 carent.
915 3383 1022 3438 scilicet
1037 3382 1213 3437 Hierusalem
1233 3382 1389 3438 coelestem.
1404 3382 1476 3447 Quia
1493 3385 1518 3437 si
1543 3398 1597 3438 rien
1613 3400 1718 3454 propo-

100 3472 281 3528 Dclerminat
295 3478 393 3528 autem
409 3489 472 3545 qum
487 3473 567 3526 verba
586 3473 738 3525 cantionum
750 3472 864 3525 interro·
915 3486 989 3525 suero
1003 3469 1234 3537 te,Hierusalem.
1246 3471 1274 3522 in
1285 3472 1417 3540 principio
1437 3471 1536 3526 letitie
1557 3489 1631 3539 mea,
1646 3473 1717 3527 obli·

60 3568 202 3635 pacrrunt,
219 3578 285 3616 cum
310 3562 390 3617 addit
411 3561 467 3616 sic:
485 3560 552 3616 Dico
569 3562 797 3628 iuterropaoernnt
808 3575 865 3620 nos,
915 3559 989 3611 viani
999 3556 1192 3611 detardestera
1207 3573 1276 3618 mea,
1290 3564 1315 3610 et
1325 3557 1459 3611 adllarcat
1474 3557 1567 3626 linquo
1582 3574 1640 3610 mea
1651 3559 1717 3628 savr-

61 3653 111 3722 poi
135 3653 255 3722 captivos
273 3651 406 3704 cluserunt
427 3665 483 3703 aas.
507 3647 544 3705 Et
566 3647 618 3720 ipsi
638 3647 726 3701 iidem
751 3646 865 3717 spiritus
915 3647 988 3701 cibus
1005 3647 1078 3701 rnen.
1093 3645 1151 3700 Hoc
1169 3645 1338 3700 subauditur
1361 3661 1414 3716 per
1433 3644 1634 3716 aposiopesim.
1662 3646 1716 3699 Has

62 3739 182 3810 maligni
196 3741 244 3810 qui
256 3756 307 3810 per
317 3737 544 3793 inobedientiam
553 3735 621 3790 ada
632 3735 862 3801 adduxeruntnos,
915 3737 1013 3790 autem
1024 3733 1204 3788 conditiones
1212 3732 1596 3804 ideopnnuntutostendanl
1605 3732 1717 3789 bonurn

62 3827 92 3882 id
105 3831 148 3882 est
158 3828 193 3882 ah
212 3830 321 3882 aterna
336 3826 514 3882 beatitudine
530 3825 559 3879 in
572 3825 646 3878 hanc
669 3823 862 3896 captivitatem
913 3825 1011 3878 volum
1022 3839 1107 3876 suum
1122 3822 1157 3877 de
1171 3822 1356 3888 Hierusalem,
1377 3825 1406 3876 et
1418 3820 1542 3876 innuant
1556 3820 1717 3879 maximum

62 3915 198 3970 diruerunt
215 3933 272 3983 nos,
292 3931 344 3987 per
360 3915 422 3970 illas
445 3913 544 3969 salices
564 3916 795 3983 interspacerant
819 3928 865 3965 nos
915 3910 1124 3967 detrimentum
1138 3909 1178 3965 eis
1192 3909 1361 3972 allaturum,
1377 3908 1425 3981 qui
1440 3911 1540 3965 votum
1554 3910 1664 3965 bonum
1680 3912 1716 3966 de

64 4003 192 4058 dicentes
207 4019 213 4057 :
232 4001 346 4058 Caritate
361 4018 451 4057 unum
465 4004 594 4071 tymnum
614 4000 646 4055 de
660 4002 770 4056 canticis
784 3999 864 4068 Sion,
916 3999 1090 4054 Hierusalem
1101 4015 1159 4053 non
1171 3998 1329 4054 habebunt.
1340 3997 1430 4052 Orant
1438 3998 1525 4052 etiam
1540 3999 1574 4054 de
1585 4014 1717 4054 remune-

64 4090 152 4146 idest
178 4109 243 4146 cum
263 4092 443 4163 jucunditate
463 4092 537 4145 nolis
559 4090 685 4161 proferte
712 4107 799 4145 unam
818 4090 865 4161 ju·
916 4085 1714 4159 rationetribulationun1,quasproDcopatiuntur,sic:

64 4180 191 4234 cundum
207 4181 442 4251 pradicationem
463 4179 561 4235 axillis
572 4179 709 4252 jucundis
729 4179 866 4250 pradica-
915 4175 1067 4247 Dicoquod
1078 4190 1137 4230 non
1147 4173 1242 4229 oblitus
1256 4191 1300 4228 cra
1315 4174 1497 4242 Hierusalem,
1512 4179 1541 4230 et
1557 4176 1634 4246 quod
1649 4194 1715 4246 pre-

64 4266 191 4320 tiunibus
218 4284 282 4337 qun
309 4267 432 4321 attinent
458 4268 494 4321 ud
516 4267 585 4322 Sion
606 4266 864 4322 coelestem.Inter·
912 4281 1023 4334 posuero
1040 4262 1211 4318 Hierusalem
1231 4265 1259 4316 in
1275 4265 1407 4334 principio
1424 4264 1523 4317 territe
1540 4280 1613 4317 mea.
1630 4264 1717 4333 Cujus

63 4361 234 4424 stipaverunt,
263 4355 393 4426 inquam,
421 4371 469 4409 nos
501 4355 582 4410 verba
611 4358 775 4408 cantionum.
810 4335 958 4410 NosDrei
971 4351 1065 4423 gratia
1086 4353 1185 4406 multae
1198 4351 1398 4407 tribulationes
1418 4351 1500 4405 nobis
1525 4350 1717 4407 inferunturu

64 4448 162 4497 autem
192 4444 227 4497 ab
258 4443 297 4496 eis
333 4441 443 4513 organa
470 4442 676 4512 suspendentes
709 4441 832 4496 diximus
857 4461 864 4498 :
916 4439 981 4493 llliis
1000 4439 1103 4505 Edam,
1126 4439 1156 4494 id
1175 4442 1252 4493 esta
1275 4438 1340 4492 siliis
1364 4439 1485 4492 terrenis
1499 4440 1528 4493 ct
1539 4438 1714 4508 sanguineis,

64 4531 201 4599 Quomodo
230 4532 405 4598 caritnbimns,
432 4530 512 4585 vobis
543 4531 678 4585 canticum
704 4529 816 4584 Darnim'
839 4534 866 4584 in
916 4527 1129 4583 scilicetallliis
1143 4527 1304 4598 Babylonis,
1326 4526 1354 4582 id
1369 4528 1411 4581 est
1429 4528 1464 4583 ab
1481 4527 1575 4598 impiis
1590 4528 1715 4584 bomini·

63 4627 132 4674 terra
146 4620 243 4688 atinio,
258 4620 339 4674 idest
353 4619 382 4673 in
397 4617 626 4673 consideratione
646 4617 748 4673 alienae
768 4601 866 4690 545
916 4615 978 4684 bus,
987 4615 1288 4690 quipraessguratisunt
1297 4615 1428 4686 pertllios
1436 4616 1507 4670 Esau
1518 4616 1566 4688 qui
1579 4620 1608 4671 et
1625 4618 1715 4674 Edem

62 4709 172 4764 terrac?
186 4712 226 4763 A:
241 4709 262 4763 si
277 4709 394 4763 dicant:
413 4709 484 4763 Cum
502 4723 551 4762 vos
570 4706 786 4761 consideremus
808 4711 864 4762 ter·
917 4706 1029 4773 dicitur,
1046 4704 1095 4777 qui
1111 4705 1140 4758 in
1157 4704 1250 4759 reditu
1264 4705 1389 4762 filiorum
1402 4707 1488 4761 lsrael
1500 4706 1536 4761 de
1551 4707 1715 4778 captivitate

63 4814 126 4851 ram
140 4798 268 4852 sterilem
285 4814 345 4852 csse
359 4800 387 4850 ct
400 4796 525 4850 alienam
541 4813 558 4850 a
572 4797 642 4865 Deo,
659 4800 687 4850 el
713 4811 771 4850 non
797 4813 865 4851 con·
916 4792 1716 4866 babylonioe,inHierusalemimpediverunleos,inquan-

61 4902 165 4956 gruam
176 4886 278 4940 semini
291 4885 429 4940 doctrinm
439 4885 564 4953 Domini,
574 4885 651 4940 robis
662 4883 805 4940 canticum
817 4886 866 4940 do·
916 4885 977 4936 tum
986 4884 1152 4954 potuerunt,
1165 4897 1201 4935 ne
1213 4881 1357 4937 civitatem
1372 4884 1550 4953 ettemplum
1562 4883 1717 4940 reaedifica·

61 4974 160 5028 ctrinae
178 4975 291 5029 Domini
308 4991 366 5028 non
382 4974 573 5030 cantabimus.
590 4975 637 5029 Vel
650 4974 689 5028 sic
706 4989 712 5028 :
730 4974 785 5029 Nos
796 4991 864 5029 con·
915 4975 990 5026 rcnt.
998 4970 1108 5026 Eodem
1119 4970 1224 5042 quippe
1234 4972 1320 5026 modo
1335 4971 1385 5025 ulii
1400 4971 1484 5041 hujus
1498 4971 1716 5033 mundi,ttdeles

61 5066 209 5118 versantes
221 5078 342 5134 corpure
357 5066 386 5117 in
399 5071 469 5117 terra
484 5062 583 5130 alicua,
598 5063 626 5118 id
648 5066 690 5117 est
716 5063 793 5118 inter
816 5082 865 5119 vas
915 5057 1148 5114 tribulationibus
1163 5059 1306 5131 impedire
1317 5058 1459 5126 nituntur,
1481 5075 1517 5111 ne
1534 5058 1641 5130 seipsos
1655 5061 1715 5116 Deu

60 5155 203 5219 terrenos,
218 5155 277 5206 cla
294 5155 349 5207 Deo
365 5153 480 5223 penitus
494 5153 613 5220 alienos,
628 5152 756 5224 promulo
771 5160 864 5206 canta·
915 5149 1056 5221 templum
1086 5149 1160 5203 bene
1184 5147 1305 5201 vivendo
1328 5145 1480 5201 edificent.
1504 5146 1595 5202 Edem
1618 5152 1716 5205 autem

61 5240 148 5294 bimos
176 5241 248 5293 oritis
277 5244 410 5298 coriticam
437 5241 573 5295 Domini?
589 5241 690 5295 Velsie
705 5257 711 5295 :
728 5240 864 5307 Quornodo
915 5245 1031 5292 terrenus
1046 5237 1089 5292 vel
1104 5237 1264 5304 sanquinem
1277 5235 1493 5304 interpretatur.

60 5329 228 5384 cantabimus
242 5331 373 5382 canticum
387 5329 499 5383 Domini
525 5329 603 5385 vobis
625 5329 811 5403 eristentibus
837 5332 864 5383 in
950 5322 1715 5398 DicoquodprorecordationeHierusaleminierun-

60 5424 134 5474 terru
152 5417 250 5485 aliena,
267 5416 296 5471 io
313 5422 355 5473 est
368 5418 397 5472 iu
411 5418 579 5472 terrenitate
588 5422 690 5485 vestra,
702 5434 766 5489 quie
777 5434 794 5472 a
806 5418 864 5473 Deo
913 5420 961 5471 tur
974 5415 1056 5472 nobis
1066 5412 1289 5470 tribulationesa
1303 5411 1366 5467 liliis
1378 5411 1479 5469 Edem.
1492 5413 1574 5484 Ettu,
1592 5414 1716 5485 Domine,

61 5509 106 5562 est
119 5507 224 5574 aliena,
239 5509 267 5560 ct
280 5506 383 5561 semini
398 5505 536 5561 doctrinas
557 5521 615 5560 non
640 5506 789 5577 congrua?
800 5508 863 5561 lnu·
916 5505 968 5561 etsi
984 5503 1071 5559 modo
1087 5501 1208 5557 videaris
1224 5517 1274 5557 nos
1296 5500 1342 5555 lric
1360 5501 1498 5557 oblivioni
1518 5503 1599 5566 dare,
1620 5518 1719 5560 memor

45 5595 112 5656 ‘tile
125 5595 242 5667 quidem
258 5599 332 5651 essct
346 5595 425 5651 vobis
439 5593 585 5651 cauticum
601 5595 739 5652 doctrinae
748 5595 863 5653 Domini
914 5601 967 5649 esta
979 5595 1008 5648 in
1019 5591 1064 5647 die
1077 5589 1256 5659 Hierusalem,
1270 5588 1299 5645 id
1312 5592 1355 5646 est
1367 5590 1396 5646 in
1421 5590 1467 5647 die
1487 5590 1602 5662 judicii,
1616 5590 1647 5647 in
1661 5609 1723 5668 qua

60 5687 191 5755 eantare,
209 5684 332 5759 ideoque
348 5701 408 5741 non
436 5683 627 5741 cantabimus.
643 5682 787 5752 Quoniam
810 5703 860 5744 au·
913 5679 1044 5764 plenarie
1059 5677 1216 5738 constitues
1242 5678 1421 5740 Hierusalem
1438 5678 1589 5740 calestem
1606 5679 1733 5768 filiorum
