3772 5970
106 287 157 340 osi
408 284 437 340 s.
457 282 629 343 annuens
650 275 964 340 canrnusunonnu
983 276 1216 341 usrnoronrs
1237 278 1315 338 oar.
1335 280 1455 339 nansi
1719 281 1768 338 sss
1811 238 1813 243 ¹

104 406 183 462 bere.
200 406 280 461 Unde
296 404 325 460 in
344 407 497 479 Evangelio
513 408 636 480 legitur:
655 432 668 457 ι(
690 407 756 463 Sine
773 424 819 461 mc
835 405 906 460 nihil
916 435 941 484 Α
958 406 1084 463 minibus
1100 408 1260 479 potentiam
1273 407 1377 476 habeo,
1393 407 1443 462 sed
1464 406 1494 462 in
1509 403 1667 462 altissimis
1682 406 1770 461 etiam

104 496 222 565 potestis
237 495 331 549 lacere
347 495 438 567 (ioan.
456 514 498 564 xv,
514 499 550 568 5).
564 516 579 549 i>
593 498 653 551 lton
679 499 770 551 solum
792 512 905 549 annun·
956 495 1115 550 caelestibus
1128 495 1281 568 spiritibus.
1302 496 1352 550 Vel
1374 495 1414 549 sio
1435 495 1520 550 aliter
1537 494 1598 564 legi
1615 497 1728 566 potest,
1743 498 1771 547 ut

104 583 365 654 tiabuntjustitiam
385 601 466 639 suam
487 602 547 639 esse
565 588 656 651 tuam,
668 584 697 638 id
707 588 773 639 csta
786 587 814 636 te
826 601 832 651 ;
844 582 903 649 sed,
955 583 1104 638 brachium
1119 601 1178 638 non
1190 588 1327 639 mutetur.
1344 584 1411 639 Dico
1424 584 1505 638 donec
1523 581 1712 638 annuntient
1725 599 1769 638 me

104 673 217 738 oileus,
231 671 396 725 incinerabor
420 674 534 742 justitiae
557 680 609 727 tua‘
636 673 726 738 soiius,
745 671 775 725 id
791 674 833 725 est
848 661 905 724 mei
957 672 1501 745 bractiuintunm,etpotentiamtuam,et
1514 672 1665 744 justitiam
1683 677 1767 739 tuam,

104 761 345 814 memorabuntur
356 760 474 830 justitiae
492 765 560 827 tua,
583 778 647 832 quaa
671 762 731 815 sola
747 761 799 825 est,
822 758 907 812 idest
957 760 992 814 ab
1009 759 1115 815 infimis
1131 760 1352 816 rationabilibus
1364 760 1501 816 creaturis
1517 776 1615 832 usque
1638 759 1669 815 in
1692 759 1768 814 altis-

104 846 906 921 singularisidestincomparabilis,perlectissima.Unde
956 848 1147 917 simaeundo,
1164 849 1251 904 idest
1275 866 1364 921 usque
1385 849 1414 904 in
1434 850 1663 920 supercaelestes
1682 847 1768 902 ratio

104 935 228 1005 legitur:
243 957 256 985 κ
271 936 332 990 Non
345 936 549 1006 justificabitur
564 937 593 991 in
610 939 764 1008 conspeetu
778 939 827 990 tuo
842 951 906 989 om·
957 936 1067 992 nabiles
1083 940 1236 993 creaturas.
1245 937 1326 1002 Quod
1343 941 1386 993 est
1401 939 1495 994 dicere
1512 955 1520 992 :
1536 938 1644 994 Donec
1655 953 1767 991 annun·

106 1023 149 1077 nis
167 1023 259 1079 vivens
274 1024 360 1096 (Psal.
377 1043 456 1093 crati,
475 1027 511 1097 2).
538 1048 550 1076 a
573 1026 654 1090 Quod
670 1029 712 1079 est
727 1026 821 1080 dicere
837 1041 842 1077 ε
860 1023 906 1077 Di·
957 1024 1031 1079 tieut
1046 1009 1143 1096 265
1159 1043 1279 1082 omnem
1293 1026 1455 1097 potentiam
1468 1025 1657 1098 etjustitiam
1669 1041 1767 1080 esseex

105 1114 172 1167 cent
189 1116 215 1166 te
230 1113 343 1167 unicam
368 1117 397 1168 et
417 1115 592 1186 singularem
618 1118 647 1168 et
670 1112 907 1185 perfectissimam
958 1117 1000 1179 te,
1015 1113 1178 1186 incipiendo
1193 1133 1226 1171 ox
1239 1115 1369 1186 potentia
1379 1119 1408 1170 et
1417 1115 1530 1187 justitia
1543 1113 1766 1186 hominum,qui

106 1200 378 1272 baberejustitiam,
405 1208 433 1258 et
458 1204 513 1257 hoc
541 1201 907 1266 mornuriterdicent,non
958 1201 1051 1256 infimi
1081 1207 1147 1258 sunt
1173 1205 1210 1259 ad
1235 1205 1484 1275 comparationem
1521 1205 1716 1276 angelorum,
1742 1205 1767 1258 et

104 1289 295 1361 negligentem
309 1293 366 1346 lloo
380 1295 476 1346 autem
492 1293 570 1363 quod
583 1292 726 1363 justitiam
737 1292 906 1345 suamtuam
958 1290 1052 1346 eundo
1066 1308 1154 1362 usque
1168 1291 1196 1347 in
1212 1293 1373 1363 potentiam
1389 1292 1518 1365 ipsorum
1529 1293 1723 1364 augelorum,
1735 1306 1763 1345 ac

105 1393 165 1432 esse
184 1380 408 1446 annuntiabunt,
438 1383 467 1433 et
493 1381 583 1434 solam
612 1382 640 1434 et
668 1378 906 1450 perfectissimam
957 1377 979 1432 si
1008 1379 1180 1434 dicas:lloo
1208 1381 1459 1452 reputabuntesse
1485 1398 1519 1436 ea
1546 1383 1587 1446 te,
1621 1379 1703 1452 quod
1731 1378 1765 1433 ibi

100 1465 243 1536 justitiam
258 1469 336 1521 tuam
354 1468 524 1522 memoriter
539 1468 746 1539 praedicabunt,
764 1484 822 1520 ison
834 1483 867 1520 aa
877 1481 906 1518 se
958 1470 1043 1521 erunt
1057 1471 1190 1539 potentes
1205 1467 1234 1522 in
1247 1469 1343 1523 futuro
1355 1467 1425 1539 justi
1445 1467 1474 1523 in
1500 1468 1655 1540 operibus,
1669 1470 1700 1521 et
1716 1467 1764 1522 boc

103 1553 251 1608 habebunt
266 1555 458 1623 solummodo,
475 1557 526 1611 sed
536 1559 563 1610 te
573 1558 757 1628 cooperante.
774 1555 846 1619 Quia
865 1560 905 1620 lu,
958 1556 1035 1626 quod
1050 1556 1225 1627 angelijusti
1239 1555 1347 1610 suntin
1361 1555 1512 1612 allectione
1529 1554 1701 1611 dilectionis
1708 1553 1763 1622 ilci,

104 1641 187 1709 Deus,
203 1642 379 1709 desiccatione,
394 1644 476 1698 idest
490 1645 606 1699 docebis
623 1661 703 1699 nicos
722 1643 841 1715 spiritali
862 1661 906 1697 sa·
958 1645 987 1697 et
1001 1644 1143 1713 potentes,
1159 1643 1242 1698 idest
1254 1643 1303 1698 alti
1319 1643 1347 1697 in
1360 1643 1550 1699 beatitudine.

104 1729 213 1802 pientia
229 1733 277 1784 tua
293 1732 332 1785 eis
346 1731 466 1786 interius
477 1733 674 1803 impendonte,
684 1733 907 1802 etidcopranun-
921 1743 946 1801 Β
994 1732 1187 1786 Commendat
1201 1736 1299 1787 autom
1311 1733 1386 1805 ipsos
1398 1732 1561 1805 angelosad
1572 1732 1627 1788 Dei
1642 1731 1764 1796 laudern,

104 1818 173 1871 tiabo
187 1820 320 1873 spirabilia
336 1827 393 1888 tua,
411 1821 497 1875 idest
517 1821 574 1875 mei
598 1821 828 1893 prommtiabunt
846 1822 908 1875 aliis
959 1821 1038 1892 quasi
1055 1821 1224 1876 admirative
1238 1822 1273 1876 de
1289 1822 1330 1877 eis
1344 1823 1457 1894 agendo
1473 1821 1512 1876 sic
1530 1838 1536 1876 :
1553 1821 1628 1876 Dico
1648 1822 1766 1893 usquein

104 1908 238 1961 tiiirabilia
254 1915 310 1976 tica,
321 1909 463 1980 justiliam
472 1910 588 1978 scilicet,
601 1927 687 1981 quarn
699 1909 798 1981 generi
806 1911 908 1963 huma·
959 1909 1098 1976 altissimo,
1111 1913 1139 1964 ct
1152 1909 1200 1964 illa
1210 1910 1355 1980 iiiapnalia,
1367 1910 1396 1964 id
1412 1913 1454 1964 est
1473 1909 1617 1965 altissima
1630 1912 1690 1975 tua,
1707 1925 1765 1981 qua

105 2012 143 2049 no
153 2011 204 2065 per
220 2013 266 2050 me
277 1997 419 2064 restitues,
432 2004 456 2051 et
466 1998 584 2052 saltitare
599 2007 684 2063 titum,
702 1997 779 2069 quod
792 1997 820 2050 in
836 1997 911 2050 lutu-
960 1998 1386 2070 magnaliadicuntur,eoquod
1397 1998 1425 2052 in
1436 1998 1608 2053 excellentia
1620 1996 1766 2068 dignitatis

104 2099 137 2137 ro
154 2083 270 2138 daturus
285 2101 324 2140 es.
337 2086 395 2139 lloc
409 2089 505 2140 autern
521 2086 650 2156 superius
664 2085 773 2139 dictum
798 2088 849 2152 est,
863 2083 910 2138 ubi
960 2102 1067 2156 magna
1082 2089 1158 2149 sunt,
1175 2104 1243 2158 puae,
1256 2086 1285 2141 id
1296 2089 1339 2141 est
1352 2090 1469 2158 quanta,
1475 2085 1577 2156 fecisti,
1590 2084 1621 2139 id
1631 2087 1675 2139 est
1683 2101 1766 2156 quam

106 2171 196 2224 dixit:
215 2170 251 2226 Os
265 2190 362 2240 iriensis,
380 2178 434 2228 etc.
452 2174 507 2229 Sed
523 2174 586 2228 idco
601 2175 707 2246 repetit
722 2177 753 2228 ut
778 2171 911 2228 ostendat
961 2172 1067 2243 digna,
1084 2176 1112 2227 et
1126 2174 1190 2228 ideo
1217 2175 1277 2245 quis·
1302 2174 1395 2228 similis
1418 2173 1526 2229 esttibi
1544 2173 1575 2228 in
1589 2172 1767 2227 sublimitate

106 2260 351 2329 pronuntiationis
368 2279 469 2316 aarum
482 2263 735 2333 perseverantiam,
752 2262 791 2315 sic
812 2278 818 2315 :
843 2261 910 2316 [lico
961 2261 1098 2333 potentiae
1111 2262 1125 2315 ‘l
1140 2263 1246 2317 Nullus.
1263 2264 1302 2317 lle
1322 2262 1345 2317 si
1365 2262 1440 2319 dicat
1462 2279 1468 2317 τ
1488 2261 1558 2317 inde
1582 2260 1768 2332 comprobari

108 2347 186 2418 ‹puod
200 2348 257 2402 mei
272 2350 486 2405 annuntiabunt
500 2350 643 2405 mirabilia
654 2354 712 2418 tua,
725 2354 754 2405 et
766 2351 820 2405 hoc
832 2350 912 2420 caju-
961 2353 1056 2420 potest
1068 2352 1179 2405 nullum
1194 2351 1246 2405 tibi
1262 2368 1322 2406 esse
1335 2350 1471 2406 similem.
1487 2351 1520 2404 Et
1531 2350 1708 2423 quianullus
1719 2349 1766 2404 tibi

109 2441 215 2489 cecitate
228 2451 296 2503 mea,
309 2437 337 2491 id
351 2441 393 2492 est
406 2455 439 2492 ex
452 2442 582 2510 tempore
596 2437 822 2509 martyrum,qui
832 2438 912 2508 juve·
961 2436 1061 2491 similis
1077 2441 1128 2505 est,
1145 2455 1210 2493 eum
1235 2439 1306 2494 adeo
1321 2443 1426 2511 potens
1447 2439 1494 2506 sis,
1512 2437 1658 2510 quoniam
1679 2435 1768 2491 Adam

111 2540 161 2576 nes
176 2530 270 2586 erunt.
285 2526 313 2579 id
330 2527 414 2580 estin
438 2527 495 2581 fide
511 2528 636 2581 calentes
651 2530 679 2580 et
694 2530 810 2581 strenue
827 2543 912 2597 agen·
962 2529 991 2579 et
1011 2528 1231 2583 Esavoluernnt
1245 2528 1381 2583 sefacere
1397 2527 1505 2583 similes
1523 2527 1575 2582 tibi
1592 2543 1646 2600 per
1662 2541 1770 2581 cornes-

111 2614 162 2679 tes,
179 2629 260 2667 moro
271 2614 412 2685 juvenum
421 2616 470 2686 qui
482 2616 624 2670 ferientes
635 2619 701 2670 sunt
710 2618 795 2669 atate
804 2618 832 2669 et
844 2618 913 2668 stre·
962 2613 1071 2669 tionem
1079 2616 1327 2687 pomi,diccntcs:«
1336 2615 1447 2682 Erimus
1454 2615 1665 2678 sicutdiitGen.
1673 2614 1767 2685 ¹¹¹‚5itt

110 2701 159 2754 nui
174 2702 298 2769 actione,
313 2710 337 2757 et
352 2722 432 2770 stunc,
449 2703 478 2757 id
494 2709 536 2758 est
551 2704 579 2759 in
596 2704 657 2775 ipsa
668 2703 818 2774 juventute
832 2719 913 2774 nsque
963 2700 1093 2770 Quantas,
1104 2703 1132 2758 id
1144 2708 1282 2774 estquam
1298 2721 1420 2776 magnas
1436 2703 1623 2759 tribulationes
1634 2702 1771 2759 ostendisti

111 2791 352 2860 pronuntiabunt,
370 2793 399 2847 id
414 2797 457 2847 esl
472 2793 584 2847 assiduo
599 2797 628 2846 et
640 2794 818 2858 constanter,
834 2807 912 2845 mor·
962 2793 1038 2858 nu'lii,
1053 2792 1081 2847 id
1102 2796 1144 2847 cst
1158 2793 1407 2864 meismeulterius
1422 2791 1624 2866 superbirentl
1636 2795 1669 2847 et
1684 2807 1768 2863 quam

110 2877 147 2930 tis
159 2883 238 2934 metu
254 2897 311 2935 non
332 2881 505 2949 deficientes,
522 2888 547 2937 et
567 2899 602 2936 ea
625 2899 705 2953 usque
730 2883 758 2934 in
784 2887 913 2934 senectam
962 2880 1062 2935 inultas
1073 2883 1101 2935 et
1112 2897 1199 2952 quam
1208 2881 1301 2949 inatus,
1314 2881 1342 2936 id
1352 2884 1488 2954 estquam
1501 2879 1769 2935 nocivaslmortem

112 2968 342 3037 pronuntiabunt
354 2970 422 3038 mci,
439 2970 467 3025 id
482 2973 524 3025 est
540 2987 628 3042 usque
645 2975 758 3040 tempus
772 2969 901 3024 confesso
963 2965 1288 3023 scilicetotomnismodi
1300 2967 1458 3039 passiones,
1471 2966 1655 3040 quaeanimoe
1665 2970 1696 3021 et
1711 2981 1768 3020 cor-

110 3073 186 3124 rum,
203 3058 252 3129 qui
267 3074 349 3114 senes
365 3063 460 3127 erunt,
474 3060 502 3114 id
515 3029 947 3131 estaliquantulumlrigidio·C
964 3055 1026 3126 pori
1036 3056 1665 3126 asperrimasuntetnocivae.Ettucanoersas
1676 3054 1769 3122 abira,

110 3162 156 3200 res
169 3149 352 3218 martyribus,
369 3167 428 3205 nun
440 3153 564 3204 mortam
584 3148 711 3220 corporis
727 3164 778 3220 pro
795 3149 853 3202 ileo
867 3162 913 3199 su·
963 3144 1201 3201 idestavindieta
1213 3145 1388 3218 quamineis
1405 3162 1458 3217 per
1475 3144 1684 3201 tribulationes
1694 3159 1770 3199 exer

110 3234 241 3302 benntes,
253 3237 325 3291 sicut
335 3241 465 3292 senectus
475 3237 607 3309 frigidior
615 3240 685 3291 setas
702 3236 911 3307 cstjuventute.
963 3249 1020 3301 ces,
1031 3235 1174 3303 uiuificasti
1184 3252 1234 3301 me,
1246 3235 1275 3289 id
1286 3238 1329 3289 est
1339 3251 1391 3306 per
1400 3235 1526 3290 mortem
1537 3250 1637 3288 meam
1649 3232 1770 3288 vivitica-

147 3323 181 3376 Et
196 3325 427 3393 pronuntiabunt
440 3343 518 3397 usqne
540 3328 566 3378 in
590 3327 703 3392 senium,
719 3324 748 3377 id
764 3327 805 3377 est
824 3338 913 3393 usque
963 3322 1005 3376 bis
1026 3339 1117 3390 meos,
1132 3321 1261 3379 interiori
1276 3322 1465 3379 vivificatione
1485 3339 1534 3377 eos
1554 3320 1732 3377 innocentes
1746 3324 1772 3375 et

111 3409 141 3462 in
157 3413 272 3481 tempus
286 3413 462 3480 Antichristi,
476 3413 505 3467 in
521 3430 577 3484 quo
591 3414 675 3467 multi
690 3430 706 3467 a
719 3414 830 3467 fervore
845 3409 912 3464 lidei
958 3409 1052 3481 justos
1066 3411 1184 3479 faciens,
1195 3415 1224 3466 et
1234 3411 1264 3465 in
1274 3411 1373 3466 futuro
1382 3411 1511 3465 reduxisti
1522 3427 1574 3478 me,
1588 3410 1673 3464 idest
1684 3413 1771 3464 retro·

110 3497 276 3568 frigescent,
287 3500 409 3572 ideoque
417 3500 528 3556 senium
545 3502 657 3568 dicitur,
669 3519 702 3556 co
713 3501 790 3573 quod
800 3499 912 3554 senium
964 3498 1772 3570 ducesmeos,adpatriam,scilicetdequaperddamsunt

110 3590 178 3641 aetas
194 3585 378 3659 frigidissima
388 3590 424 3644 sit
437 3594 465 3645 et
475 3591 653 3646 defectibilis.
664 3593 703 3646 lle
715 3607 771 3662 quo
781 3591 913 3661 tempore
963 3588 1081 3659 expulsi.
1091 3589 1167 3643 Meos
1182 3588 1245 3642 dico
1261 3588 1367 3642 iterum
1382 3588 1413 3641 cte
1433 3587 1533 3658 abyssis
1551 3593 1631 3640 terrae
1645 3586 1771 3641 educen-

110 3677 251 3732 Ilominus
266 3678 294 3732 in
311 3679 464 3750 Evangelio
481 3680 549 3734 dicit
565 3698 571 3735 :
588 3703 601 3729 «
615 3681 652 3734 Ex
669 3677 912 3733 aliundantiaini-
964 3675 1026 3739 dos,
1039 3675 1069 3730 id
1083 3680 1126 3730 est
1140 3676 1174 3730 de
1191 3676 1250 3731 imo
1264 3676 1449 3731 terrenitatis.
1474 3676 1555 3730 Prius
1580 3674 1665 3729 enim
1680 3691 1731 3729 eos
1744 3674 1771 3728 in

111 3765 227 3836 quitatis
236 3767 402 3839 refrigescet
412 3769 536 3823 charitas
544 3771 701 3824 multorum
714 3767 825 3838 (Mattii.
838 3782 912 3832 xxiv,
963 3764 1056 3817 Adam
1071 3764 1106 3819 de
1121 3763 1282 3818 humilitate
1296 3767 1324 3817 et
1341 3763 1463 3818 utilitate
1474 3762 1655 3818 terrenitatis
1665 3761 1772 3818 eduxis-

112 3855 165 3925 ta).
181 3875 195 3904 u
212 3854 293 3918 Quod
310 3861 351 3911 est
364 3857 458 3912 dicero
476 3876 483 3912 ε
502 3858 553 3913 litei
575 3860 740 3912 constanter
762 3859 791 3910 te
818 3853 915 3909 lauda·
962 3850 1034 3917 ti,ut
1044 3868 1077 3906 ex
1087 3852 1157 3907 limo
1166 3855 1252 3906 terrac
1264 3851 1524 3906 laceresanimatos
1535 3854 1564 3904 et
1573 3867 1633 3906 non
1649 3851 1770 3906 moritu-

111 3942 193 4010 bunt,
209 3947 237 3997 et
256 3944 295 3997 illi
315 3945 363 4015 qni
378 3951 464 4000 eruut
479 3947 676 4016 injuventute,
689 3945 774 4018 etqui
789 3945 817 3998 in
832 3959 913 3997 sene·
964 3958 1026 4008 ros;
1037 3941 1085 4013 qui
1101 3958 1153 4012 per
1167 3944 1317 4012 peccatum
1333 3942 1404 3996 Adae
1416 3941 1452 3997 ad
1467 3941 1605 3995 camdem
1627 3940 1770 3996 imitatem

112 4034 200 4096 ciale,
215 4034 243 4083 ct
258 4032 306 4102 qui
322 4032 351 4085 in
367 4034 457 4089 senio.
470 4033 915 4106 Velmartyrumlempusjnven·
963 4030 1132 4102 praecipitati
1148 4032 1225 4097 sunt,
1242 4032 1273 4083 ut
1288 4030 1443 4085 moriendo
1469 4029 1634 4083 elliciantur
1655 4029 1729 4083 cinis
1747 4030 1772 4081 ct

113 4123 205 4173 tutem
222 4120 308 4187 dicit;
323 4124 436 4193 tempus
454 4124 551 4177 autem
574 4123 771 4177 consessorum
787 4123 914 4176 senectu·
964 4118 1065 4189 pulvis,
1079 4118 1154 4172 unde
1170 4116 1359 4173 eosinfuturo
1373 4117 1487 4190 eripies.
1498 4117 1643 4188 Abyssum
1651 4116 1771 4171 dicimus

113 4209 185 4275 tem,
201 4210 230 4261 et
245 4213 360 4279 tempus
375 4210 543 4264 Antichristi
558 4211 681 4278 senium,
694 4226 728 4265 eo
744 4209 822 4281 quod
838 4209 915 4280 prius
965 4205 1636 4278 nimiamprofunditatem,ideoqueproimitate
1643 4204 1771 4276 ponitur.

114 4294 194 4349 suere
208 4299 359 4368 martyres,
376 4301 440 4370 post
455 4316 504 4353 eos
519 4302 615 4353 autem
630 4303 695 4353 sunt
717 4283 951 4370 temporaliterD
1001 4294 1068 4348 Dico
1080 4294 1158 4365 quod
1174 4293 1293 4348 reduces
1308 4310 1357 4348 eos
1368 4293 1403 4348 de
1420 4292 1527 4365 abyssis
1538 4295 1643 4362 terrae3
1662 4296 1693 4348 et
1708 4296 1773 4347 tunc

113 4384 299 4453 consessores,
312 4387 348 4441 ad
362 4389 616 4455 ultimumautem,
628 4386 915 4460 tempnsdntichristi
965 4381 1149 4452 multiplicasti
1158 4382 1383 4452 mussitantium
1397 4389 1481 4449 ticam,
1494 4382 1579 4448 Deus,
1598 4380 1685 4435 idest
1701 4379 1771 4434 mul-

115 4471 179 4525 erit.
192 4471 265 4544 Ergo
281 4476 358 4545 quod
371 4477 428 4530 mei
446 4477 675 4548 pronuntiabunt
686 4475 915 4545 etinjuventnte,
966 4471 1093 4542 tiplicem
1120 4471 1149 4524 in
1165 4470 1205 4525 eis
1220 4470 1308 4525 iacies
1331 4470 1518 4542 magnificam
1531 4469 1661 4541 gloriam
1682 4472 1772 4535 tuam,

115 4563 144 4614 et
157 4564 313 4629 senectute,
339 4568 368 4617 et
386 4565 476 4619 senio.
503 4565 547 4621 Ne
572 4565 739 4636 derelinquas
764 4580 815 4630 nie,
831 4562 860 4616 id
876 4563 918 4616 ost
967 4560 1146 4614 immortales
1160 4559 1268 4614 iaciens
1280 4562 1308 4613 et
1323 4558 1525 4631 impassibiles,
1538 4561 1567 4614 et
1586 4559 1672 4613 omni
1687 4557 1774 4613 beati

115 4664 207 4716 meos,
221 4649 374 4720 inadjutos,
389 4652 470 4706 dorice
489 4654 561 4709 omni
571 4655 746 4723 pancratiarii,
762 4652 791 4706 id
810 4655 853 4705 est
866 4650 917 4705 do·
967 4648 1066 4702 tudine
1082 4648 1188 4703 felices.
1200 4649 1234 4702 Et
1256 4647 1335 4720 prius
1353 4647 1399 4702 hic
1421 4665 1557 4702 conversas
1580 4647 1733 4703 consolatus
1749 4662 1774 4699 es

115 4752 168 4790 nec
187 4737 360 4793 annuntient
377 4741 552 4795 omnismodi
565 4741 758 4812 generationi,
774 4758 833 4811 qna
855 4756 917 4793 oen·
968 4755 1019 4805 me,
1036 4736 1064 4792 id
1078 4741 1131 4804 est,
1146 4737 1304 4792 vivificabis
1315 4753 1406 4805 meos,
1423 4740 1451 4790 et
1467 4753 1517 4808 per
1533 4738 1588 4792 hoc
1605 4735 1774 4791 consolabe-

117 4831 226 4880 turacst
240 4827 377 4897 usquead
392 4827 480 4882 finem
503 4829 613 4896 mundi,
637 4829 773 4884 tracilium
791 4835 877 4894 teatini,
894 4833 919 4882 et
968 4826 1016 4894 ris,
1032 4824 1286 4898 utsuperiusdixi‚
1311 4825 1358 4879 ubi
1383 4825 1465 4895 posui
1481 4825 1627 4894 aiiiificabis
1647 4841 1702 4881 me.
1719 4824 1776 4878 Hoc

111 4917 260 4986 potentiam
273 4923 357 4983 tuam,
379 4922 404 4969 et
414 4917 548 4988 justitiam
566 4924 649 4985 tuam,
674 4935 722 4972 ma
745 4918 850 4972 scilicet
870 4916 920 4989 qui
969 4915 1067 4969 autem
1082 4914 1147 4969 ideo
1162 4912 1278 4984 repetit,
1292 4917 1323 4967 ut
1347 4929 1399 4984 per
1420 4912 1537 4967 effectus
1553 4912 1691 4967 ostendat
1706 4928 1775 4993 qua·

117 5003 268 5058 brachium
285 5009 365 5060 tuum
381 5023 455 5078 sum,
472 5024 620 5079 perquem
637 5006 784 5061 diabolum
808 5006 920 5061 sortiter
969 5002 1034 5057 liter
1050 5002 1085 5057 de
1099 5002 1165 5057 imis
1179 5018 1227 5056 eos
1240 5005 1376 5055 assumat.
1394 5003 1449 5055 Per
1467 5001 1521 5056 hos
1536 5003 1636 5056 autem
1659 4999 1776 5055 effectus

118 5093 306 5165 expugnabis,
323 5094 394 5149 sicut
409 5095 511 5166 aliquis
524 5095 632 5151 brachii
652 5095 821 5150 fortitudine
839 5093 919 5148 debi-
969 5090 1206 5161 comprobabitur
1219 5093 1247 5143 te
1260 5106 1309 5144 eos
1323 5088 1489 5144 vivificasse.

118 5180 176 5235 lem
191 5182 305 5236 hostem
320 5187 452 5253 superat3
469 5187 497 5238 et
512 5184 560 5256 qui
577 5201 639 5238 sum
655 5183 854 5255 potentiatua,
868 5198 921 5254 per
1005 5179 1079 5234 Nam
1093 5187 1176 5247 stepo
1190 5178 1340 5246 confitebor,
1358 5181 1412 5232 otc.
1429 5177 1503 5231 Nam
1517 5176 1636 5248 signum
1653 5180 1698 5233 est
1706 5175 1778 5250 posi·

119 5285 205 5339 quem
220 5270 306 5324 facies
321 5270 420 5326 fideles
435 5276 567 5343 potentes
581 5272 617 5326 ad
630 5271 821 5326 resistendum
836 5269 919 5336 vitiis,
969 5267 1066 5333 tionis,
1083 5270 1111 5320 ct
1126 5275 1192 5320 vero
1205 5267 1279 5321 bene
1295 5266 1419 5337 positum
1437 5269 1479 5319 est
1491 5267 1635 5337 quantum
1652 5266 1691 5321 ad
1704 5265 1779 5321 ordi-

121 5359 148 5408 et
162 5357 209 5427 qui
218 5358 399 5427 sumjustitia
407 5362 465 5427 tua,
477 5377 624 5432 perquem
637 5359 735 5413 fideles
741 5355 919 5428 justificabis.
971 5374 1049 5410 neni.
1063 5357 1102 5409 Ac
1115 5354 1137 5410 si
1153 5353 1278 5408 diceret:
1294 5354 1335 5407 Tu
1353 5352 1516 5420 vivificabis,
1534 5357 1563 5407 et
1579 5352 1639 5408 mei
1660 5353 1781 5408 consite·

120 5443 162 5497 lile
172 5445 389 5516 dicopotentiain
404 5456 429 5502 et
437 5449 575 5519 justitiam
598 5455 672 5501 tuam
699 5463 780 5517 aspie
796 5446 824 5498 in
847 5444 921 5498 attis·
971 5446 1080 5500 buntur
1092 5443 1154 5510 tibi,
1169 5442 1198 5497 id
1213 5442 1302 5497 estad
1315 5442 1457 5497 honorem
1472 5442 1525 5509 tui,
1536 5444 1677 5496 veritatem
1692 5446 1778 5511 tuam,

122 5532 188 5588 sana
200 5534 426 5607 pertingentem,
443 5536 531 5594 idest
552 5538 601 5610 qui
616 5554 675 5595 nan
693 5539 806 5593 tantum
824 5534 855 5591 in
869 5535 921 5592 bo·
973 5534 1055 5590 idest
1067 5529 1530 5607 tevcraceminpromissionelua
1540 5529 1575 5588 de
1587 5531 1782 5607 mundirepa-
