3772 5976
88 302 158 368 itti
566 306 744 397 arrosmo
761 305 798 366 lN
815 300 983 365 usatites.
995 334 1033 351 ·-
1051 306 1148 366 PSAl..
1171 301 1270 364 exalt
1677 292 1748 368 ital

87 439 237 504 virtutem,
248 437 381 512 quedles
396 438 539 509 dicuntur,
551 456 586 497 oo
602 438 679 513 quod
695 438 733 495 ad
746 435 889 496 dieisimi·
903 441 931 503 Α
946 435 998 492 bas
1013 439 1042 492 ot
1055 437 1216 496 virtutibus.
1227 437 1308 505 Quod
1317 439 1360 495 est
1370 437 1464 496 dicere
1479 437 1748 497 :Laudabunttade

89 528 243 584 litudinem
258 529 445 601 spiritualiter
454 528 583 586 animam
594 530 840 586 illuminentllico
852 528 891 582 be·
945 526 999 581 hoc
1012 527 1090 599 quod
1100 531 1163 584 tuos
1177 528 1208 584 in
1223 529 1373 584 virtutibus
1387 545 1539 600 promoves
1558 532 1587 585 et
1607 528 1747 585 moribus.

92 619 213 673 nedicunt
225 619 274 673 libi
285 625 310 673 et
325 619 440 673 laudubo
453 626 646 688 armeniacum,
660 619 689 674 id
704 623 747 674 εει
771 618 894 674 laudabo
947 615 980 669 Et
989 632 1047 670 non
1058 617 1149 671 solum
1161 617 1225 684 lroc,
1235 617 1285 672 sed
1297 617 1384 673 etiam
1404 617 1441 672 ad
1457 618 1497 672 tui
1511 618 1627 674 laudem
1644 623 1749 672 eracla-

87 711 116 762 te
131 707 363 763 consideratione
374 708 500 763 nominis
514 708 555 762 tui
572 708 600 762 in
609 708 734 763 seculum
745 715 769 763 et
778 710 895 762 insecu-
949 702 1022 770 bresit,
1038 705 1066 759 id
1079 710 1121 760 est
1129 705 1257 776 plenarie
1272 704 1399 761 celerent
1411 706 1446 761 ad
1463 705 1750 761 invicemmemorirm

88 778 144 850 larra
157 797 394 852 saeculilloecum
404 796 482 851 ilem
493 797 530 850 sit
547 796 625 869 quod
638 797 768 869 superius
787 796 897 851 dictum
948 794 1119 849 abscedentia
1127 797 1266 849 srenoitatis
1276 801 1344 862 luas
1358 794 1388 850 id
1406 798 1449 849 est
1469 794 1643 850 memoriam
1658 795 1750 864 abun·

87 887 139 950 εει,
157 884 306 939 benedicam
320 886 436 951 nomini,
458 888 525 949 ete,
539 885 604 940 ideo
620 886 776 958 repetitum
793 889 845 954 est,
864 886 896 940 ut
949 885 1264 951 daulissrrnoitotr'rtuae,
1277 884 1359 940 idest
1379 883 1583 940 misericordiae
1593 886 1661 951 tuae,
1674 881 1751 938 scili·

89 973 193 1028 subdat
207 989 317 1041 causas,
331 989 382 1028 cur
397 990 464 1028 eum
482 973 577 1028 taliter
600 974 740 1029 laudabit.
754 974 894 1041 Laudabo,
948 976 995 1027 εει
1013 974 1173 1029 laudabunt
1194 976 1233 1041 te,
1250 973 1380 1045 plenarie
1405 973 1557 1029 referendo
1577 970 1752 1028 memoriam

87 1059 218 1134 inquam,
235 1061 421 1128 oauditnrcs,
438 1061 596 1116 Dominum
617 1064 645 1116 in
667 1062 794 1118 secatam
817 1070 841 1116 et
867 1064 895 1117 ia

87 1153 214 1206 secatum
227 1149 327 1205 racab.
337 1150 370 1204 Et
381 1150 434 1204 hoc
450 1165 483 1204 ea
495 1148 738 1218 consideratione,
755 1150 823 1222 quia
837 1167 895 1204 ειε-

90 1255 157 1309 gnns
172 1241 215 1293 est
226 1238 359 1294 Drmiam
369 1238 397 1292 in
409 1240 524 1300 natura,
536 1238 565 1293 id
579 1241 621 1293 est
636 1241 739 1309 potens
753 1245 778 1294 et
800 1239 895 1293 terede-

92 1328 160 1395 bitis,
176 1327 259 1383 idest
274 1327 378 1399 dignus
391 1327 485 1382 laude.
498 1328 532 1381 ιιι
547 1327 600 1382 hoc
611 1329 701 1391 nimis,
715 1328 744 1382 id
757 1331 799 1384 εει
809 1345 896 1403 supra

948 1062 1122 1118 abundantis
1138 1061 1342 1118 misericordiae
1358 1061 1514 1126 tueouod
1527 1065 1568 1116 est
1583 1061 1677 1117 dicere
1694 1061 1753 1115 :Ea

949 1151 1098 1206 occasione
1109 1144 1270 1206 laudabunt
1284 1155 1322 1216 to,
1331 1147 1754 1223 quiarocensebunttemagni·

949 1241 1156 1295 ficaresauctos
1164 1244 1228 1295 tuos
1237 1239 1266 1294 in
1278 1239 1429 1294 sanctitate
1438 1254 1553 1294 morum
1565 1242 1593 1293 et
1602 1237 1752 1303 virtutum,

948 1346 1007 1384 non
1017 1346 1051 1384 cx
1063 1329 1174 1385 meritis
1183 1329 1249 1395 suis,
1258 1327 1307 1383 sed
1318 1345 1351 1384 er
1363 1328 1506 1383 memoria
1516 1325 1691 1383 abundantis
1701 1323 1755 1380 mi·

92 1416 253 1471 humanum
278 1416 469 1473 intellectum.
493 1414 622 1485 Magnas,
645 1417 776 1489 inquam,
797 1421 848 1486 est,
865 1421 895 1474 et
945 1417 1389 1489 se1·icor‹liatua‚sci1icetquia
1406 1433 1519 1473 memor
1533 1433 1563 1471 es
1579 1433 1630 1488 per
1641 1412 1753 1470 miseri·

92 1503 583 1576 aoeonuodmaqatmamaejusne
600 1511 637 1558 est
650 1507 726 1575 finis,
736 1507 764 1561 id
779 1510 821 1561 est
836 1511 894 1562 ter·
947 1508 1076 1562 cordiam
1092 1506 1272 1562 sanctificare
1287 1509 1361 1570 tuos,
1376 1521 1448 1577 quos
1463 1505 1537 1559 visus
1552 1522 1582 1560 es
1592 1521 1645 1576 per
1658 1504 1754 1559 Adam

93 1592 895 1666 minusscilicetnonpolestterminarimonpotestmcn-
948 1595 1087 1650 oblivioni
1107 1595 1229 1650 dedisse.
1254 1593 1292 1648 Et
1317 1594 1405 1648 etiam
1432 1593 1601 1648 exsultabant
1623 1592 1756 1664 iustitiam

95 1679 712 1754 surari,nequeloconequaintellectuquam
721 1685 894 1755 magnussil;
908 1672 933 1730 Β
949 1691 1034 1745 larcin,
1051 1684 1079 1738 id
1094 1686 1137 1739 est
1151 1683 1187 1737 ad
1203 1681 1244 1737 tui
1261 1671 1376 1738 laudern
1399 1682 1575 1736 exsultanter
1593 1679 1755 1735 narrabunt

95 1768 505 1840 incircumscriptusestenim.
515 1770 898 1841 Vel,niugnitndinirejnsnon
946 1775 1081 1846 justitiam
1096 1771 1298 1839 trram,seiliret
1308 1772 1362 1827 boc
1371 1771 1447 1840 apud
1457 1786 1487 1825 so
1498 1769 1595 1825 dicent
1604 1765 1755 1841 quiaquod

93 1862 132 1912 est
144 1857 221 1930 sinis,
231 1857 259 1912 id
270 1861 312 1912 εει
319 1860 488 1913 aeternaest.
497 1858 565 1913 Dico
575 1859 653 1930 quod
664 1876 718 1930 ego
726 1859 899 1917 lirralnbollo·

95 1946 897 2019 minumeaconsideraliunoqniamngnasestinnatura.

95 2033 237 2090 Generario
247 2052 306 2089 uero
315 2037 481 2105 regeneratio
495 2052 559 2107 quas
576 2038 688 2090 nonest
705 2036 849 2090 suillciens
862 2036 899 2092 ad

93 2123 148 2178 hoc
162 2123 420 2185 considerandum,
432 2125 534 2178 saltem
543 2123 661 2178 tairdnuit
671 2141 749 2194 opera
760 2130 837 2188 tamo
846 2128 900 2182 Do-

95 2213 184 2280 mine,
202 2220 226 2267 et
237 2212 382 2268 laudando
394 2213 700 2284 operapronuntiabrmt
711 2213 786 2268 inter
795 2231 824 2270 se
832 2232 899 2271 cum

92 2303 176 2356 laude
187 2303 334 2372 porciniana
350 2307 434 2355 trram.
448 2301 530 2365 Quod
542 2304 584 2356 εει
597 2301 691 2356 dicere
706 2319 713 2356 :
730 2301 900 2374 illiquisunt

94 2390 228 2444 idiotoeet
238 2389 420 2460 sirnplieesiu
432 2389 620 2460 generatione
629 2392 656 2443 el
667 2390 900 2461 generatione,id

95 2482 135 2533 εει
146 2477 541 2548 iudiversisgenerationibus
551 2477 740 2550 lldeburmqui
749 2481 900 2535 nonerunt

95 2566 269 2621 sullleieutes
280 2566 376 2621 videro
384 2569 411 2620 te
421 2582 560 2638 maguum
572 2583 632 2622 εεεε
643 2566 671 2620 iu
684 2573 795 2634 natura,
806 2567 898 2623 consi·

96 2654 900 2725 dorabunttamenmirillcaoperatuavisilsiliasolemvi-

94 2741 900 2813 delicetollunam,ctcateralrujusmodi,etlaudabunl

98 2848 143 2898 ea,
155 2848 189 2886 eo
201 2830 278 2902 quod
295 2831 412 2901 egregia
424 2839 501 2897 sunt,
513 2834 542 2885 et
559 2831 703 2885 laudando
724 2848 767 2897 ea,
785 2849 818 2886 ex
831 2831 899 2903 ipsis

95 2934 281 2974 conscensum
301 2919 338 2973 ad
362 2922 389 2973 te
411 2919 578 2974 Creatorem
599 2919 716 2985 sacient,
740 2922 769 2973 ει
795 2936 897 2975 eorum

950 1864 996 1918 bic
1010 1862 1116 1935 inspius
1128 1861 1223 1934 punis,
1242 1862 1320 1932 justo
1334 1859 1443 1933 judicio
1459 1859 1537 1926 lacis,
1549 1862 1579 1914 et
1599 1860 1653 1914 hac
1672 1872 1754 1914 oeca-

951 1952 1030 2006 sione
1046 1954 1073 2004 te
1087 1950 1256 2004 laudabunt.
1271 1949 1407 2004 Nonidco
1423 1947 1491 2002 dicit
1502 1944 1756 2018 exsaltabuntquod

951 2039 1004 2110 ipsi
1020 2039 1161 2094 exsultent
1180 2039 1216 2092 de
1232 2054 1318 2109 poena
1331 2036 1500 2108 impiorum,
1516 2037 1565 2092 sed
1577 2035 1645 2108 quia
1655 2050 1755 2090 recen·

952 2127 1041 2183 sendo
1050 2143 1166 2197 poenam
1178 2142 1292 2196 eorum,
1304 2126 1372 2180 inde
1387 2124 1465 2199 quod
1477 2126 1547 2180 tates
1559 2123 1755 2187 nenluerunt,

952 2216 1143 2271 exsultabunt.

987 2305 1068 2359 Unde
1084 2302 1234 2359 Psalmista
1249 2302 1317 2358 alibi
1334 2320 1341 2358 τ
1359 2303 1543 2359 «Laetabitur
1558 2303 1663 2375 justus,
1687 2316 1755 2356 cum

950 2393 1053 2448 viderit
1073 2393 1213 2448 vindictas
1233 2392 1320 2458 (Psoi.
1346 2409 1410 2459 aru,
1436 2393 1494 2465 ll),
1522 2397 1613 2451 rete.
1633 2391 1712 2459 Dico,
1737 2404 1755 2446 o

951 2481 1106 2548 auditores,
1123 2481 1200 2553 quod
1220 2481 1378 2536 eructabunt
1402 2483 1557 2535 memoriam
1582 2478 1757 2536 abundantis

950 2572 1091 2624 salonitanis
1100 2569 1226 2626 Dorrrini.
1240 2570 1272 2622 El
1281 2569 1401 2637 merito;
1415 2585 1484 2624 riam
1494 2569 1625 2624 Βεεειιεε
1642 2571 1685 2623 εει
1704 2569 1756 2622 mi·

950 2665 1060 2726 serator,
1070 2658 1228 2712 secundum
1238 2657 1380 2713 bonellcia
1395 2656 1601 2712 misericordiae
1612 2656 1755 2728 impensa,

950 2750 975 2800 ct
991 2748 1137 2800 misericors
1149 2745 1178 2798 in
1193 2749 1308 2812 natura,
1324 2746 1388 2800 etsi
1404 2745 1475 2801 nulli
1496 2745 1692 2811 benefaceret,
1699 2760 1754 2814 pas

951 2835 1018 2888 tr'ens
1030 2834 1059 2888 iu
1074 2833 1267 2906 exspectando
1284 2837 1461 2905 peccatores,
1482 2848 1554 2904 quos
1574 2848 1633 2887 non
1657 2830 1755 2887 statim

946 2922 1023 2994 juste
1036 2922 1129 2994 punit.
1145 2921 1297 2977 Misericors
1313 2925 1366 2989 est,
1380 2921 1511 2993 inquam,
1525 2927 1549 2976 et
1564 2937 1623 2976 nou
1637 2936 1753 2993 parum,

95 3006 325 3062 consideratione
337 3007 364 3062 ιε
378 3010 527 3079 potentem
543 3007 759 3078 pronuntiando
773 3008 809 3062 ad
825 3007 896 3062 iuri·
914 3011 1000 3077 Gsed
1016 3010 1129 3064 multene
1142 3012 1301 3077 irrisericors,
1318 3012 1382 3082 plus
1397 3027 1484 3082 quam
1502 3008 1606 3081 aliquis
1629 3008 1753 3065 sulliciat

95 3111 158 3149 corn
169 3095 219 3150 tali
235 3099 263 3149 te
279 3094 427 3150 occasione
442 3096 611 3150 laudabunt.

131 3183 280 3238 Cumdicit
290 3183 483 3253 bisgenemlio,
494 3182 708 3255 daturintelligi
717 3184 752 3238 de
763 3184 897 3239 omnibus

96 3271 225 3327 fidelium
237 3272 481 3344 generationibus.
494 3273 527 3326 Et
542 3275 660 3327 notatur
674 3272 751 3342 quod
763 3272 826 3327 laus
836 3273 898 3329 haee

78 3379 128 3416 ·ex
141 3363 200 3416 sola
211 3362 400 3433 generatione
410 3378 530 3432 operum
542 3378 606 3433 quar
618 3377 675 3415 non
683 3363 725 3414 cst
737 3378 897 3433 usquequa·

96 3451 300 3522 queperlecto;
313 3450 342 3504 in
354 3451 407 3505 hac
417 3450 599 3506 solunuuodo
610 3450 668 3504 vira
684 3450 837 3505 habebitur
849 3451 897 3506 ubi

96 3538 212 3594 diversae
219 3538 422 3611 generationes
432 3542 507 3593 saint.
520 3537 614 3592 lualia
623 3554 748 3609 natuque
760 3538 817 3593 vita
828 3539 896 3594 sim·

95 3626 160 3697 plex
175 3627 230 3682 erit
244 3631 411 3682 sanctorum
427 3626 587 3698 generatio,
605 3630 634 3680 el
648 3626 676 3680 in
697 3627 831 3681 omnibus
848 3628 897 3683 [lei

93 3716 222 3786 perlecta
234 3714 361 3786 cognitio
377 3718 405 3768 et
416 3715 641 3784 laudatio‚juxta
650 3714 719 3770 illud
731 3716 896 3787 propbetas:

93 3824 109 3857 a
125 3806 213 3860 Nemo
231 3805 300 3859 dicit
314 3803 446 3875 proximo
462 3820 513 3858 suo
529 3821 535 3858 :
553 3804 699 3875 Cognosce
715 3804 898 3876 Deun1,quia

94 3910 195 3949 omnes
219 3893 310 3947 scient
333 3910 379 3947 me
402 3910 418 3946 a
443 3892 556 3947 mitiore
575 3909 664 3965 usque
684 3892 719 3946 ad
737 3893 896 3949 rrraximum

94 3983 162 4053 (Jer.
177 3999 249 4048 xxxi,
265 3980 318 4052 (ll).
336 4003 350 4029 a
365 3981 426 4037 Nou
442 3982 534 4035 solum
554 3984 651 4035 aulem
667 3980 897 4053 pronuntiabunt

93 4069 253 4140 potentiam
265 4074 345 4125 tuam
356 4070 485 4125 contuitu
495 4068 896 4140 ope1·umtuorum‚sedetiam

94 4157 233 4228 loquentur
242 4160 466 4228 irrugrrificcntienr
475 4161 568 4228 gloriae
579 4161 728 4213 siractilntis
738 4163 800 4226 trra,
810 4157 838 4212 id
854 4160 897 4213 εει

950 3099 987 3153 ad
995 3099 1210 3171 exponendum.
1219 3098 1350 3154 Ostendit
1363 3102 1460 3153 autem
1470 3097 1547 3169 quod
1560 3099 1754 3152 multomma-

951 3189 990 3241 cis
1002 3194 1051 3254 est,
1067 3187 1096 3242 id
1112 3190 1154 3241 εει
1173 3186 1338 3254 miserator,
1361 3185 1496 3241 addendo
1524 3184 1561 3240 sic
1578 3184 1754 3251 εΜιεεναιεν,

950 3275 1300 3347 ini111ametDomirrrrs.Et
1311 3291 1368 3329 non
1383 3274 1652 3346 paucls‚sedsuaeis,
1668 3272 1756 3328 idest

951 3363 1105 3419 miserator
1117 3367 1160 3418 est
1172 3363 1305 3418 Dominus
1318 3365 1457 3429 enitente,
1470 3362 1499 3417 id
1514 3364 1557 3418 εει
1576 3358 1755 3418 omnismodi

949 3440 1127 3518 hominibus,
1143 3456 1201 3506 tam
1219 3451 1326 3506 iudaeis
1348 3468 1435 3522 quam
1461 3451 1626 3521 gentilibus,
1647 3448 1755 3505 scilieet

949 3540 1089 3595 beneficia
1103 3539 1307 3594 misericordiae
1316 3555 1373 3593 suae
1382 3537 1689 3611 plurimaomnismodi
1699 3537 1752 3592 ho·

950 3629 1077 3684 minibus
1092 3628 1243 3698 impendit.
1257 3627 1296 3680 El
1310 3628 1500 3694 miserationes,
1516 3625 1598 3680 idest
1613 3623 1754 3680 beneflcio

950 3715 1218 3786 misericordiaeejus
1232 3719 1300 3770 sunt
1310 3732 1387 3786 snper
1398 3714 1487 3769 omnia
1499 3730 1576 3784 opere
1585 3713 1651 3783 ejas,
1666 3712 1696 3766 id
1709 3713 1753 3767 est

949 3803 1260 3875 praesuntomnismodi
1277 3803 1413 3874 operibus
1423 3802 1495 3873 eJ'us,
1503 3818 1535 3857 ac
1543 3801 1565 3856 si
1577 3800 1668 3855 dicat:
1679 3800 1752 3857 Cum

949 3893 977 3947 in
988 3892 1045 3946 suis
1056 3894 1192 3965 operatur
1203 3890 1489 3957 sidemcharilatem,
1499 3892 1528 3944 ει
1537 3888 1752 3944 calerasvirlu-

951 3982 1063 4047 lcs,lroc
1073 3998 1106 4034 ex
1125 3980 1311 4035 miseratione
1322 3979 1401 4034 lacil.
1412 3977 1483 4033 Cum
1497 3995 1563 4033 vero
1577 3981 1681 4050 praeest
1696 3975 1750 4032 eis·

949 4070 1016 4124 dem
1033 4070 1169 4142 agraribus
1184 4085 1297 4131 eorrim,
1311 4072 1342 4123 ut
1361 4067 1454 4141 magis
1468 4067 1619 4140 magisque
1632 4081 1750 4139 promo-

948 4162 1078 4227 veantur,
1088 4158 1117 4212 in
1132 4157 1198 4229 ipsis
1210 4157 1297 4212 eliam
1307 4157 1538 4230 promotionibus
1551 4153 1751 4210 miserationes

94 4245 340 4317 magnificentiam
365 4249 496 4318 gloriosas
520 4246 678 4301 sanctitatis
704 4250 760 4301 tuae
789 4246 895 4302 scilicet
906 4240 934 4300 D
946 4247 1007 4319 ejus
1019 4248 1203 4303 denotantur.
1219 4247 1361 4312 Quoniam
1376 4247 1486 4301 dixerat
1500 4244 1577 4317 (guod
1590 4258 1679 4313 opera
1693 4242 1750 4295 Do·

93 4333 252 4390 laudabunt
267 4338 305 4401 te,
323 4335 467 4406 loquendo
484 4333 520 4388 ad
536 4334 657 4388 invicem
669 4334 854 4404 magnillcam
865 4338 894 4390 et

92 4423 249 4494 gloriosam
259 4424 443 4478 sanctitatem
452 4437 568 4476 morum
581 4422 893 4492 etvirtntrnmquamiu

91 4511 322 4567 haesitasauctis
335 4511 389 4566 tuis
399 4511 459 4564 das.
472 4509 509 4563 Et
519 4510 651 4562 nrirnbilio
667 4516 713 4561 lira
734 4509 892 4576 narrabunt,

90 4599 360 4655 scilicetlaudabunt
371 4602 397 4653 te
407 4599 551 4653 narrando
562 4598 598 4652 ad
609 4596 729 4651 invicem
740 4596 893 4665 mirabilia,

91 4686 119 4741 id
131 4688 387 4759 estmiraeulaquae
395 4685 894 4759 persanctostuosoperarisllocau·

92 4778 150 4828 tem
158 4778 251 4830 toturn
259 4779 301 4830 est
309 4775 370 4829 acsi
381 4775 471 4829 dicat:
482 4774 651 4830 laudabunt
660 4774 892 4829 lecontnitumo·

91 4862 893 4931 rnm,ctvirlutum,etmiraculorumsanctorumtuorum

91 4950 131 5004 Ει
138 4951 225 5006 etiam
233 4952 269 5006 ad
277 4952 316 5005 tui
324 4951 779 5006 laudem‹tr'cerrtintcrseeirtatem
790 4951 892 5006 terribi-

92 5040 169 5105 lium,
177 5043 282 5094 taronem
292 5041 321 5095 id
331 5043 374 5094 est
383 5039 538 5095 virtuosam
550 5039 709 5110 potentiam
722 5040 893 5096 terribilium

92 5125 892 5200 ultionumlnarnm‚q11abinimpiosmultiplicit-erpuuis

93 5214 176 5278 Quod
187 5218 229 5269 est
239 5231 271 5269 ac
282 5215 303 5268 si
316 5215 393 5269 dicat
404 5232 411 5270 :
424 5215 593 5270 Laudabunt
601 5217 628 5268 te
640 5208 788 5269 occasibus
796 5219 897 5288 poten·

92 5302 835 5376 liretuae,qual1icetiamimpiosprrnis.Etadlaudeu1
843 5304 894 5373 tui,

92 5393 304 5462 recognitadinem
320 5399 393 5445 terion
408 5392 485 5447 inter
497 5409 526 5446 εε
537 5392 696 5458 merebant,
712 5391 818 5446 scilicet
834 5395 894 5448 lau-

93 5481 200 5534 dabunt
213 5464 311 5552 575
323 5484 351 5535 ιε
366 5481 754 5552 narrandomagnitudinenr
768 5484 857 5548 luant,
868 5483 896 5538 id

93 5572 282 5644 estmaguam
288 5570 506 5643 promotionem
514 5569 764 5627 fideliumtuorum
773 5569 803 5626 in
812 5572 900 5628 ariori-

947 4336 1018 4391 miui
1035 4354 1119 4392 cansa
1136 4335 1295 4392 etmalcrla
1311 4338 1406 4390 esseut
1420 4349 1509 4404 quare
1523 4327 1750 4402 ipsealldelibas

946 4426 1123 4489 humaretur,
1137 4428 1200 4480 orat
1215 4425 1338 4492 cleptat
1354 4423 1384 4476 ut
1398 4421 1453 4474 lroc
1470 4420 1506 4473 sit
1518 4417 1599 4473 sicuti
1619 4415 1751 4488 superius

946 4511 1193 4576 enuntiavitliisi,
1203 4509 1338 4576 Dourine,
1348 4507 1424 4580 sluod
1431 4509 1566 4578 generatio
1575 4512 1600 4560 et
1612 4506 1749 4575 generatio

946 4599 1067 4654 inridebit
1081 4616 1158 4670 oriem
1174 4605 1230 4675 trin,
1246 4602 1312 4663 ειε,
1322 4596 1427 4652 scilicet
1435 4595 1503 4669 quia
1513 4612 1601 4668 opera
1610 4597 1669 4663 tua,
1682 4611 1749 4650 eoa·

945 4688 1069 4743 siderata
1081 4687 1209 4759 egregia,
1226 4702 1311 4741 causa
1326 4689 1411 4742 eruut
1425 4702 1515 4758 quare
1534 4683 1699 4741 alidelrbus
1717 4683 1746 4737 in
1821 4724 1825 4735 .

945 4776 1024 4830 ornni
1036 4776 1223 4847 generatione
1234 4776 1369 4853 lauderis.
1384 4778 1417 4831 Et
1432 4777 1472 4831 ita
1484 4768 1520 4830 sit
1536 4792 1543 4830 z
1560 4773 1748 4841 Confiteantar

946 4864 1003 4931 tibi,
1014 4864 1138 4931 Domine,
1155 4864 1184 4919 id
1199 4869 1252 4927 ost,
1267 4866 1386 4920 laudent
1403 4868 1431 4919 le
1447 4865 1537 4918 onmia
1552 4879 1630 4932 opera
1644 4866 1701 4923 tua,
1716 4858 1746 4914 id

944 4955 987 5007 est
1000 4952 1098 5007 omnia
1108 4970 1197 5024 opera
1209 4956 1258 5009 tua
1270 4954 1451 5009 considerata
1461 4949 1649 5005 materiasint
1657 4963 1747 5021 quare

945 5061 962 5097 a
975 5042 1247 5098 fidelibuslauderis.
1258 5042 1297 5095 El
1309 5040 1449 5114 quidquid
1459 5039 1496 5095 sit
1506 5040 1542 5094 de
1552 5038 1662 5093 caeteris
1675 5053 1746 5109 ope·

945 5131 1034 5197 silius,
1050 5132 1152 5185 saltem
1167 5132 1312 5197 sanctitat,
1324 5146 1396 5202 quos
1408 5129 1437 5184 in
1453 5129 1583 5184 moribus
1595 5130 1624 5182 et
1637 5125 1748 5181 virtuti·

945 5220 999 5273 bus
1013 5219 1239 5291 perlectoslaeis,
1247 5219 1401 5274 benedicant
1410 5218 1468 5286 irbi,
1480 5217 1508 5272 id
1521 5219 1564 5272 εει
1574 5216 1693 5271 laudent
1705 5216 1744 5269 te.

947 5308 1027 5371 Quod
1038 5310 1080 5362 est
1088 5307 1200 5362 dicere:
1214 5305 1356 5362 Sanctitas
1366 5310 1493 5374 tuorum,
1503 5307 1669 5361 sauctorum
1683 5316 1745 5357 ma-

947 5396 1020 5451 teria
1035 5396 1070 5450 sil
1087 5397 1177 5451 laudis
1200 5400 1264 5451 tuas.
1283 5396 1339 5452 lloc
1355 5412 1422 5451 vero
1438 5396 1515 5468 quod
1531 5394 1669 5467 sequitur,
1686 5408 1746 5448 uon

947 5489 986 5538 est
998 5485 1090 5539 oratio
1104 5487 1147 5539 rel
1159 5486 1278 5559 optatio,
1288 5485 1561 5555 carridirlt,gteriani
1573 5486 1657 5552 regni,
1677 5486 1746 5550 ειε,

948 5573 999 5629 sed
1015 5573 1160 5630 enarratio
1175 5578 1217 5631 est
1229 5572 1266 5631 ad
1283 5574 1334 5631 Ilei
1344 5574 1461 5631 laudern
1475 5576 1617 5649 spectans,
1629 5588 1693 5648 quae
1706 5570 1748 5630 sio
