3772 5976
59 339 113 419 tra
560 350 978 420 errosmomrslmos.
1000 351 1227 420 -rsanru
1668 344 1723 428 ut

62 480 155 540 solam
170 477 298 540 nominis
316 475 597 556 interpretationem.
621 479 713 540 Chore
734 496 861 557 namque
879 476 990 556 aquia
1005 497 1065 540 asse
1080 481 1207 540 videor?
1223 478 1282 540 lloe
1307 478 1406 541 autern
1422 495 1457 541 ex
1475 476 1567 543 nimio
1581 478 1723 544 desiderio

62 570 190 629 Calcaria
201 571 407 648 interpretatur
419 589 425 628 :
437 573 679 646 quoniamautem
689 573 861 628 inCalvariae
916 571 1120 645 interrogative
1139 573 1233 646 ponit.

61 662 125 719 loco
136 662 272 718 nominas
287 666 385 718 noster
399 680 497 734 passus
515 667 567 729 εει,
583 662 629 717 hic
652 680 704 736 pro
718 663 779 733 ejus
794 678 857 733 pas-
952 660 1207 735 Quareretaliquis
1218 662 1327 728 :Quare
1337 663 1720 736 adeoveniresuspirasftld

62 749 142 807 sione
156 751 248 806 Chore
263 751 389 824 ponitur.
405 751 569 806 Notandum
584 767 652 806 vero
673 750 861 806 molluscum
915 748 1094 821 hocergosie
1105 750 1274 821 respondet:
1287 753 1354 807 ldeo
1366 753 1477 824 suspiro
1490 752 1624 820 dicendo,
1635 771 1724 827 quau·

63 838 250 912 Chore(quod
261 839 515 911 Calcariamsonat)
524 838 866 911 proptersimilitudinem
915 838 952 893 do
967 839 1081 894 reniam
1097 843 1126 894 et
1135 841 1292 911 apparebo,
1306 842 1374 914 quia
1387 842 1416 896 in
1429 842 1663 899 tribulationibus
1670 859 1722 914 po·

61 928 199 1001 posuisse,
216 929 340 1001 quamsi
354 929 496 1000 Golgotha
509 928 657 999 posuisset,
680 927 758 1000 quod
773 928 863 983 etiam
915 926 969 981 sita
982 944 1056 995 sum,
1073 929 1207 1000 aquibus
1223 929 1284 984 erui
1301 931 1414 985 vellem.
1428 929 1552 986 Fuerunt
1565 933 1644 987 enim
1654 933 1726 988 mita·

61 1034 191 1072 unomen
207 1020 251 1071 est
264 1017 319 1072 loci
340 1017 368 1071 in
392 1033 448 1089 quo
464 1017 589 1072 Christus
606 1035 702 1090 passus
715 1020 757 1072 est
774 1035 780 1072 :
796 1017 864 1090 quia
917 1019 945 1070 et
959 1020 1025 1071 sunt
1040 1017 1174 1088 tocrprnae,
1195 1018 1224 1072 id
1241 1021 1282 1073 εει
1305 1019 1438 1086 miseriae,
1463 1038 1528 1093 quae
1548 1024 1615 1076 sunl
1630 1039 1722 1078 causta

62 1106 135 1161 sicut
159 1107 251 1162 Chore
278 1111 538 1178 contemporaneus
560 1106 649 1161 llarid
670 1106 744 1161 filios
764 1106 866 1161 habuit
917 1106 1121 1176 lacrymarum,
1126 1123 1220 1177 pones,
1230 1106 1260 1161 id
1271 1111 1314 1162 est
1325 1108 1446 1163 assiduae
1455 1109 1619 1165 admodum
1628 1111 1722 1184 panis,

62 1195 203 1267 carnales,
219 1193 257 1248 sic
273 1197 302 1248 et
317 1193 452 1261 Christus,
469 1195 549 1266 cujus
570 1193 663 1267 passio
687 1211 739 1266 per
754 1211 864 1250 nomen
918 1193 967 1265 qui
982 1193 1060 1248 cibus
1073 1194 1201 1249 assiduus
1217 1198 1245 1249 et
1259 1196 1445 1268 quotidianus
1464 1202 1515 1252 εει.
1531 1199 1656 1269 Exponit
1671 1217 1721 1255 au·

63 1283 157 1339 Chore
172 1282 319 1354 accipitur,
336 1282 409 1337 lilios
423 1283 511 1338 habet
531 1278 703 1354 spirituales,
730 1284 778 1355 qul
796 1298 860 1352 pas·
918 1286 978 1336 tem
992 1282 1020 1336 in
1036 1299 1093 1355 qua
1106 1282 1318 1354 significatione
1331 1287 1421 1355 ponat
1436 1302 1536 1356 panes,
1549 1304 1614 1341 cum
1631 1288 1722 1356 addit,

61 1371 151 1427 sionis
165 1375 194 1426 ει
212 1371 348 1426 bonitatis
368 1372 439 1442 ejus,
461 1372 491 1426 in
513 1375 655 1444 quantum
671 1371 711 1426 eis
728 1371 864 1444 possibile
919 1370 961 1424 die
975 1388 1006 1424 cc
1021 1379 1104 1438 nocte,
1122 1370 1228 1426 scilicet
1242 1371 1371 1441 fuerunt,
1387 1373 1416 1428 id
1432 1377 1474 1428 εει
1493 1375 1605 1431 assidue
1624 1393 1629 1430 :
1646 1377 1722 1442 ditm,

63 1464 117 1527 εει,
133 1460 258 1515 existunt
268 1460 437 1515 imitatores.
454 1460 612 1532 Exponilur
633 1464 731 1515 autem
745 1460 784 1514 sic
799 1459 867 1513 titu·
919 1458 948 1514 id
963 1462 1006 1513 est
1020 1459 1258 1531 quandoquidem
1270 1460 1447 1517 dicitormt'tti
1455 1463 1492 1518 ab
1502 1463 1627 1518 inimicis
1637 1467 1722 1538 quoti-

63 1549 108 1603 lus
122 1549 328 1622 suprapositus.
351 1548 431 1602 Ftttis
448 1546 544 1615 Cttore,
565 1549 594 1603 id
616 1552 659 1603 εει
675 1548 869 1604 imitatoribus
919 1547 971 1614 dte,
985 1548 1015 1603 id
1029 1552 1072 1602 est
1082 1548 1203 1619 jugiter,
1221 1552 1250 1603 et
1266 1550 1358 1605 verbis
1373 1552 1403 1604 et
1414 1551 1481 1622 ipsis
1490 1552 1723 1610 tribulationibus

65 1637 206 1708 passionis
231 1637 334 1692 Christi
361 1637 546 1692 tendentibus
574 1639 602 1690 in
626 1638 717 1707 pinon,
739 1637 824 1692 idest
839 1636 869 1690 in
921 1653 991 1711 quas
1003 1636 1149 1692 inferunt:
1169 1637 1224 1692 Ubi
1237 1646 1275 1692 est
1288 1638 1536 1712 Deustuos,quite
1550 1642 1723 1698 nonliberat

64 1742 212 1780 summum
235 1726 356 1781 bonum.
381 1727 436 1780 Per
449 1726 504 1780 hoc
518 1726 595 1798 quod
611 1730 677 1780 sunt
698 1725 748 1780 filii
765 1726 868 1792 Chore,
920 1741 937 1779 a
953 1724 1085 1780 manibus
1095 1725 1388 1798 nostris‘tNusquam.
1400 1729 1450 1784 Vel
1459 1729 1517 1784 sic:
1531 1729 1583 1785 llbi
1594 1734 1636 1785 cst
1646 1733 1721 1787 Deua
1798 1763 1800 1767 >

64 1813 226 1870 intellectus
251 1814 451 1869 attribuendus
476 1816 528 1877 εει,
556 1813 586 1868 id
609 1817 652 1868 est
676 1813 788 1869 dicendi
804 1816 871 1868 sunt
883 1801 908 1860 Β
922 1817 994 1881 ιιιιιε,
1006 1830 1093 1885 quem
1102 1814 1192 1886 digito
1202 1815 1555 1887 aequisostcndere,slcut
1564 1835 1616 1874 nos
1629 1821 1721 1875 solem

64 1903 140 1958 bene
167 1902 362 1973 intelligentes
387 1919 452 1957 cum
477 1919 506 1956 se
528 1919 579 1974 per
609 1902 711 1958 Christi
731 1901 870 1973 passionis
920 1906 950 1957 et
963 1903 1112 1969 lunanr,et
1122 1903 1318 1959 caeterosdeos
1328 1920 1399 1977 quos
1412 1905 1719 1982 colimusfhusquam.

64 1991 261 2047 imitationem
274 1991 477 2061 intelligentia
493 1992 583 2045 linem
595 1992 632 2047 ad
646 2007 734 2064 quem
746 1990 870 2046 tendunt
919 1991 988 2047 Dico
1003 1991 1080 2062 quod
1093 1990 1290 2046 fueruntmihi
1305 1993 1448 2064 lacrymas.
1463 1994 1496 2048 Et
1511 1995 1577 2067 quia
1597 1997 1696 2053 dicunt
1712 2015 1720 2054 τ

64 2082 262 2152 perventuros.
279 2080 473 2135 Introducitur
489 2080 518 2134 in
536 2081 592 2135 hoe
616 2082 728 2152 psalmo
753 2096 806 2135 vox
823 2081 871 2134 Ec·
920 2080 972 2136 Ubi
987 2082 1113 2136 cstlleus
1126 2080 1217 2135 tuus?
1229 2081 1294 2136 llaec
1308 2085 1417 2150 tamen,
1432 2082 1514 2138 idest
1527 2086 1679 2158 lacrymas,
1693 2091 1723 2143 ει

64 2168 158 2223 clasiae
174 2173 346 2241 martyrum,
369 2169 398 2223 in
425 2168 659 2224 tribulationibus
673 2168 826 2240 depressa,
842 2171 871 2222 el
919 2168 974 2223 hoc
989 2167 1067 2241 quod
1091 2168 1195 2223 dieitur
1220 2170 1272 2224 Ubi
1295 2173 1338 2225 est
1359 2171 1433 2225 fleus
1457 2173 1723 2231 tuusfflecordctus

65 2255 254 2329 intelligentis
281 2273 310 2311 se
337 2274 388 2329 per
409 2257 610 2312 tribulationes
630 2257 692 2311 illas
710 2256 747 2311 ad
779 2257 869 2311 finem
919 2274 989 2324 satra,
1002 2255 1721 2332 idestaaepeconsiderari.Etideocfscdionimams

65 2347 282 2417 perventuram,
303 2344 340 2400 ad
356 2345 488 2416 quem-in
499 2347 553 2400 hoe
566 2347 678 2417 psalmo
689 2344 871 2415 valdesuspi·
922 2348 1017 2400 elnon
1029 2348 1109 2400 extra
1130 2361 1176 2400 me
1190 2362 1197 2412 ;
1212 2345 1261 2400 sad
1276 2347 1305 2400 in
1322 2363 1369 2401 me
1385 2347 1497 2415 diffudi,
1510 2348 1592 2404 idest
1605 2350 1722 2408 dilatari

65 2436 122 2500 rat,
141 2433 221 2504 cujus
236 2451 351 2506 quoque
364 2433 429 2488 finis
440 2435 569 2489 contuitu
582 2451 610 2488 se
632 2434 667 2488 de
682 2432 873 2487 tribulationi·
923 2434 1053 2488 animam
1068 2450 1166 2488 meam
1181 2433 1212 2488 in
1227 2434 1336 2488 laetitia.
1350 2435 1430 2489 Unde
1438 2437 1612 2508 Augustinus
1623 2455 1628 2494 :
1638 2458 1654 2491 <‹
1665 2435 1724 2495 Lae·

65 2522 120 2578 bus
135 2523 192 2577 suis
207 2524 382 2589 consolatur,
397 2523 473 2578 unde
489 2523 577 2577 etlam
594 2526 740 2577 oraturam
752 2538 781 2576 εε
793 2520 870 2576 dicit.
922 2521 996 2589 titia,
1013 2521 1104 2576 animi
1124 2519 1248 2577 diffusio.
1268 2522 1404 2590 Tristitia,
1433 2523 1524 2579 animi
1553 2527 1723 2586 contractio.

104 2611 333 2678 oriented-modam
345 2610 476 2665 destiterat
489 2627 579 2666 cervus
595 2610 631 2664 cd
638 2610 726 2680 sontes
740 2626 873 2682 opacarum
924 2609 1079 2682 Cupiditas,
1096 2609 1186 2664 animi
1197 2610 1368 2682 progressio.
1384 2612 1494 2681 Timor,
1510 2614 1601 2669 animi
1613 2615 1691 2688 fuga.
1709 2635 1722 2664 a

70 2699 231 2772 pervenire,
239 2696 874 2771 postconsumptionemserpentis;itodesttte-
923 2698 958 2752 Et
973 2697 1038 2751 ideo
1050 2695 1137 2752 effudi
1154 2697 1295 2765 animam,
1312 2700 1438 2769 quoniam
1452 2716 1504 2771 per
1517 2701 1580 2756 haec
1598 2719 1662 2775 quae
1673 2719 1725 2774 pa·

69 2794 113 2843 rot
122 2790 279 2842 animoniae
291 2787 325 2841 od
333 2794 367 2854 te,
379 2787 631 2859 Deusperronire,
644 2790 797 2860 postquam
810 2786 874 2858 jam
924 2785 1031 2840 tienter
1042 2785 1114 2852 fero,
1132 2786 1249 2840 transito
1262 2786 1297 2840 de
1312 2788 1366 2841 hac
1378 2789 1506 2843 convalle
1520 2790 1724 2863 lacrymarum,

70 2877 173 2933 villain
183 2893 229 2930 me
241 2875 404 2947 consumpsi
418 2879 448 2930 ct
459 2875 594 2931 destruxi.
611 2876 681 2930 Ecce
692 2875 737 2930 hic
752 2875 875 2947 suspirat
924 2891 1006 2946 usquc
1018 2873 1053 2927 att
1065 2873 1174 2929 domum
1186 2874 1362 2942 Dei‚scilicet
1379 2876 1555 2933 Hierusalem
1568 2880 1725 2949 eoelestcm,

69 2965 107 3020 ad
117 2981 264 3019 summum
275 2964 384 3019 bonum
393 2964 716 3032 tendead03benercro
726 2964 874 3036 ponitnon
925 2979 989 3035 quaa
1004 2979 1063 3017 non
1079 2966 1121 3016 est
1133 2962 1301 3018 transitoria
1316 2965 1589 3022 uttabernaculum:
1603 2970 1725 3040 sedper-

70 3070 161 3126 aquas
175 3053 352 3124 simpliciter,
369 3053 420 3107 sed
435 3053 523 3123 sontes
533 3052 816 3125 aquarum,.quodest
831 3051 873 3105 di·
886 3081 910 3141 0
925 3068 1046 3107 manens
1059 3051 1097 3106 ad
1111 3051 1344 3106 modumdomus
1360 3069 1367 3104 ε
1383 3053 1482 3126 dequa
1495 3058 1641 3128 aposlolus
1652 3059 1724 3113 Pau·

69 3159 135 3196 cere
146 3141 205 3196 :Ad
215 3158 304 3214 aquas
319 3141 535 3209 indefectibiles,
559 3158 623 3214 quaa
642 3158 757 3214 semper
769 3141 873 3208 fluunt,
925 3142 968 3196 lus
984 3140 1020 3194 ad
1036 3139 1221 3195 Corinthios:
1238 3161 1253 3190 ι(
1265 3139 1494 3197 AEdifrcatioaem
1509 3159 1542 3198 er
1558 3147 1617 3200 Deo
1639 3147 1726 3202 habe·

79 3213 164 3302 133
175 3233 203 3284 ει
218 3247 368 3302 nunquam
383 3231 569 3285 exsiccantur.
590 3230 695 3285 Cervus
714 3229 793 3284 enim
815 3245 880 3296 sarq
925 3246 990 3284 mus
1003 3230 1123 3284 domum
1140 3229 1202 3295 Dei,
1228 3245 1286 3284 non
1310 3231 1517 3298 manufactam,
1541 3237 1682 3291 {eternam
1697 3237 1727 3292 ln

71 3324 159 3391 pente
174 3319 321 3386 devorato,
336 3320 372 3372 ad
386 3320 496 3374 fontem
511 3318 617 3386 vivum,
634 3319 678 3373 cui
704 3334 779 3390 aqua
794 3318 873 3372 nullo
925 3318 1002 3373 coelis
1017 3316 1063 3384 tl!
1075 3315 1139 3372 Cor.
1149 3333 1174 3383 v,
1188 3317 1225 3388 l).
1244 3337 1256 3368 r
1272 3318 1340 3373 Dico
1352 3318 1430 3390 quod
1443 3320 1571 3376 transibo
1587 3322 1728 3395 usquead

70 3412 203 3478 tempore
219 3407 323 3472 deficit,
343 3406 432 3461 nimio
444 3408 546 3462 ardore
556 3410 715 3462 exaestuans
726 3410 872 3477 properat,
925 3406 1045 3461 domum
1062 3405 1111 3459 Dei
1129 3421 1135 3458 :
1154 3405 1287 3475 Egodico
1302 3405 1351 3478 qui
1366 3405 1628 3475 transmittebam,
1644 3409 1730 3466 idest

70 3495 416 3568 ejusquerefrlgeratione
425 3493 872 3566 etpotationejuveniseffrcilur;
924 3493 954 3548 in
968 3492 1217 3564 opportunitatem
1229 3493 1393 3547 tabernaculi
1403 3493 1581 3559 admirabilis,
1597 3498 1729 3556 Ecclesiae

70 3585 110 3639 sic
123 3588 152 3639 et
166 3583 257 3639 tidelis
272 3583 392 3657 quisque
406 3600 518 3638 veneno
534 3583 668 3638 vitiorum
682 3582 712 3636 in
730 3598 758 3636 se
775 3582 873 3636 absor-
925 3581 1043 3642 scilicet,
1059 3585 1176 3652 quaeest
1194 3580 1244 3636 Dei
1256 3582 1474 3636 tabernaculum
1490 3584 1672 3654 admirabile,
1698 3587 1728 3643 in

70 3673 178 3744 pto‚ad
189 3673 301 3727 fontem
309 3671 567 3727 vitmindeflcientis
577 3671 720 3727 Christum
728 3671 873 3725 bonorum
926 3687 982 3743 quo
999 3672 1057 3725 llco
1073 3686 1090 3723 a
1109 3669 1240 3723 fidelibus
1265 3669 1415 3727 militatur.
1431 3670 1513 3733 Quod
1537 3676 1580 3727 est
1600 3674 1726 3731 dicercd.

70 3777 191 3832 operum
208 3777 303 3828 cursu,
319 3764 347 3814 et
362 3760 502 3833 patientia
516 3760 735 3815 tribulationum
752 3758 875 3814 assidue·
923 3756 1051 3814 Transivi
1060 3756 1096 3810 ab
1107 3755 1271 3811 idololatria
1283 3759 1313 3810 ct
1325 3757 1454 3829 appetitu
1466 3759 1682 3816 mundanorum
1692 3763 1730 3818 ad

71 3851 177 3918 lendit;
194 3850 230 3904 ad
245 3866 332 3922 quem
343 3867 409 3904 cum
419 3849 660 3904 carnisvetustate
670 3848 873 3920 depositaper·
925 3846 980 3901 hoc
993 3848 1024 3899 ut
1038 3844 1092 3899 sim
1107 3843 1181 3897 lilius
1201 3842 1341 3910 Ecclesia,
1356 3860 1408 3914 per
1421 3860 1509 3916 quam
1523 3845 1676 3903 deveniam
1691 3850 1728 3904 ad

71 3938 192 4001 vernarit,
204 3937 341 3992 irrclfabili
349 3938 499 4008 juventute
507 3935 874 4008 peripsiusfoutisrefrige-
926 3934 1046 3989 domum
1057 3932 1118 3987 Dei.
1129 3934 1203 3986 Bone
1214 3932 1329 4002 quidem
1341 3932 1433 4002 ponit,
1446 3933 1474 3986 in
1487 3933 1581 3988 locum
1594 3936 1727 3992 taberna·
1806 3972 1809 3978 ι

70 4028 148 4081 riom
159 4030 188 4081 ct
197 4027 418 4082 inebriationem
430 4025 622 4080 refrenabitur.
635 4024 754 4080 Undcirr
763 4027 873 4097 Apoca·
925 4022 991 4088 culi,
1004 4021 1032 4076 id
1043 4024 1086 4074 εει
1095 4020 1125 4074 in
1139 4020 1397 4092 opportunitatem.
1413 4020 1494 4083 Quod
1507 4026 1551 4076 εει
1563 4023 1657 4079 dicere
1675 4043 1680 4079 :
1698 4026 1728 4081 in

72 4115 144 4186 lypsi
162 4132 168 4168 :
186 4138 199 4164 o
216 4116 286 4169 Ecce
304 4131 377 4168 inova
392 4113 464 4168 facio
480 4113 579 4169 omnia
596 4113 684 4184 (Apso
712 4131 767 4180 xxi,
784 4118 809 4183 b)
834 4129 875 4168 :a
926 4109 1728 4182 opportunumtabernaculum:llicenimlatirernaculunr

73 4203 205 4259 Ostendit
216 4206 313 4258 autem
329 4207 446 4275 propter
461 4201 529 4272 qiud
554 4201 591 4255 ad
616 4203 707 4256 Deum
725 4201 875 4273 pervenire
927 4197 1726 4271 opportunumcsl,utperilludpcr·rcrrialur·arldomum.

72 4291 227 4353 desideret,
237 4292 442 4362 apostropham
452 4290 486 4344 ιιι]
501 4289 647 4343 auditores
660 4289 837 4356 Γεείειιιιε,ιιι
847 4291 875 4344 ει
926 4288 998 4343 Cum
1013 4291 1108 4341 aulem
1125 4286 1351 4351 tabernaculum,
1368 4287 1445 4357 ‹prrotl
1462 4287 1657 4344 {sanatorium
1675 4295 1727 4360 εει,

72 4397 121 4435 eos
137 4380 191 4435 froc
214 4379 291 4433 idern
317 4379 480 4433 desiderare
508 4377 639 4442 instruat,
664 4393 729 4430 cum
754 4377 850 4431 subdit
867 4393 873 4431 :
888 4355 1096 4431 Dadmirabile
1107 4374 1318 4444 dicitzpropter
1329 4375 1529 4429 excellentiam
1541 4377 1727 4451 fideliumqui

71 4468 183 4533 Dico‚o
199 4468 354 4535 auditores,
367 4467 443 4539 quod
454 4469 612 4521 arimathea
622 4464 762 4530 derideret,
774 4469 803 4519 et
815 4482 875 4520 non
927 4464 956 4518 in
969 4479 1003 4518 co
1015 4463 1150 4527 militant,
1172 4461 1268 4514 inntrit
1282 4462 1404 4516 denium
1428 4480 1491 4534 qnae.
1507 4467 1617 4520 aeterne
1632 4467 1729 4524 futura

72 4573 160 4629 parvo
176 4555 318 4611 desiderio
334 4573 341 4610 :
363 4556 413 4610 scd
439 4558 523 4609 sitivit
537 4557 626 4609 enimn
644 4571 713 4619 ιιιεε,
734 4557 763 4607 ει
782 4553 875 4608 adhuc
927 4555 978 4618 est,
993 4552 1084 4605 multo
1100 4549 1192 4621 magis
1207 4549 1419 4606 admirabilem.
1433 4553 1500 4607 lllco
1513 4555 1728 4625 quodtransibu

71 4645 141 4712 sitit,
153 4644 246 4710 idest,
261 4647 341 4699 tanto
354 4643 495 4698 desiderio
512 4642 694 4707 desideravit,
707 4644 816 4712 quanto
828 4640 875 4696 illa
927 4657 1016 4714 usque
1031 4640 1068 4694 ad
1083 4640 1203 4694 domum
1220 4638 1270 4693 Dei
1285 4639 1433 4696 existendo
1446 4644 1514 4696 tune
1523 4644 1550 4695 r'n
1561 4660 1631 4710 core,
1645 4645 1728 4703 idest

71 4731 121 4804 qui
133 4732 232 4787 sitiens
243 4736 295 4799 cst,
317 4731 467 4803 pervenire
483 4732 518 4785 att
530 4731 617 4785 Deum
627 4731 725 4801 sortem
738 4730 875 4800 [sontemh
927 4730 957 4784 in
967 4726 1201 4783 manifestatione
1213 4727 1397 4781 essrtltatt'onis
1415 4735 1440 4781 et
1454 4731 1624 4799 consessionis
1634 4733 1663 4789 id
1682 4738 1726 4790 εει

71 4819 103 4874 ιιι
117 4822 161 4874 εει
173 4819 390 4891 impassibilem,
415 4819 460 4873 cui
487 4820 581 4873 nullus
602 4817 694 4873 hostis
718 4817 874 4888 praevalere
926 4818 1029 4874 laudis.
1044 4817 1150 4871 Vocem
1166 4831 1233 4869 vero
1247 4815 1329 4886 ponit
1341 4832 1394 4887 pro
1408 4817 1650 4889 manifestatione,
1661 4823 1728 4895 quia

72 4910 178 4980 potest,
193 4909 284 4962 aivum
299 4907 506 4975 indeficienter,
515 4908 598 4977 juxta
614 4906 684 4961 illud
695 4923 702 4960 t
714 4928 728 4955 u
740 4905 808 4959 Vivo
821 4921 875 4977 ego
927 4924 979 4979 per
991 4903 1493 4974 eamcogitat-ionesmanifestantur.
1507 4905 1589 4969 Quod
1599 4912 1641 4963 est
1652 4910 1728 4967 dice-

73 4996 104 5051 in
117 4998 260 5052 aeternum
276 4994 344 5068 (fro.
361 5012 433 5057 reri,
450 4999 514 5064 {823
533 5017 545 5044 a
561 4995 641 5068 qrrasi
658 4994 787 5050 diceret:
809 4993 876 5048 ldeo
927 5011 974 5050 rc:
993 4977 1158 5064 Ι34οιιιιι
1169 4993 1309 5062 transibo,
1321 4993 1473 5047 manifeste
1484 4995 1668 5052 exsultabam
1682 5016 1727 5069 eo,

71 5085 148 5139 sitivi
162 5088 192 5138 ut
214 5100 265 5154 per
277 5100 344 5138 eum
357 5086 446 5137 vicum
461 5087 491 5138 ει
502 5083 608 5138 fortem
624 5083 699 5137 vivus
720 5082 830 5137 el'frciar
848 5083 878 5135 ει
929 5087 957 5140 ει
970 5081 1131 5138 confitebor
1145 5081 1181 5148 ei,
1198 5081 1227 5136 id
1242 5085 1284 5136 cst
1296 5081 1420 5136 laudabo
1435 5097 1512 5135 eum.
1530 5104 1544 5131 a
1557 5084 1637 5139 Nunc
1650 5089 1729 5144 enim

73 5171 166 5228 fortis.
180 5172 213 5225 Et
222 5188 277 5243 ego
297 5173 345 5243 qui
359 5171 399 5226 sic
415 5171 488 5225 sitivi
500 5174 529 5226 et
543 5171 618 5237 sitio,
636 5170 742 5242 quondo
757 5172 874 5237 trentam,
929 5171 1056 5226 videmus
1072 5168 1152 5240 quasi
1167 5185 1219 5241 per
1233 5169 1392 5241 speculum,
1413 5172 1480 5222 tunc
1496 5173 1593 5225 aulem
1606 5172 1678 5228 facie
1694 5177 1731 5232 ad

74 5276 164 5317 onere
180 5259 272 5314 carnis
286 5260 426 5331 deposito,
442 5267 504 5314 unte
515 5261 624 5329 sacten,
640 5257 670 5313 id
693 5261 735 5313 εει
750 5275 876 5330 praeseu-
929 5261 1032 5316 faciem
1049 5257 1076 5328 il
1089 5255 1152 5314 Cor.
1169 5274 1227 5324 xiii,
1251 5255 1306 5328 lt),
1327 5277 1341 5305 o
1363 5255 1518 5328 Subiungit
1533 5274 1600 5313 vero
1615 5277 1730 5318 calisam

75 5349 147 5404 tiam
162 5347 881 5420 Dci,quiduminhacsumperegrinatione,elca·
930 5348 1005 5403 vocis
1018 5345 1213 5401 exsultationis
1227 5348 1256 5398 et
1270 5343 1465 5411 confessionis,
1479 5345 1617 5402 sictbico
1629 5348 1733 5407 invoca
1775 5392 1779 5398 .

76 5436 472 5508 gatusrideorlitpostquam
484 5433 882 5505 venero,appareboinimicis
932 5434 1127 5492 exsultationis
1142 5438 1171 5488 et
1189 5432 1388 5488 rorrfcssicnis.
1408 5433 1443 5487 Et
1465 5450 1544 5487 sontes
1563 5433 1626 5503 iste,
1646 5437 1734 5496 idest

77 5524 157 5579 vivus
172 5526 201 5578 ct
215 5524 306 5591 fortis,
323 5524 370 5596 qui
386 5524 432 5578 hic
448 5525 570 5579 existens
583 5522 685 5577 debilis
699 5522 729 5577 in
744 5539 841 5590 carne,
854 5526 883 5578 ει
933 5542 986 5580 vox
1001 5527 1043 5579 est
1062 5539 1159 5591 sotius,
1179 5522 1208 5577 id
1228 5525 1271 5577 est
1289 5521 1688 5581 manifestatioexsultationis
1705 5533 1736 5586 ει

78 5612 192 5692 amidae
202 5613 303 5669 mortis
317 5613 444 5685 periculo
458 5613 619 5686 subjacens,
640 5628 694 5668 nec
716 5610 804 5668 etiam
827 5611 878 5667 ali-
933 5609 1122 5671 confessionis
1136 5627 1210 5668 mee
1226 5610 1365 5683 epulantis.
1381 5609 1462 5676 Quod
1478 5613 1521 5668 εει
1534 5611 1632 5670 dicere
1644 5631 1657 5670 ·.
1669 5618 1746 5671 maa
