3772 5976
78 287 134 347 433

872 279 963 338 ACTA

1695 278 1748 340 tet

78 412 448 486 notuerit‚n-cunuuquam
460 404 1015 474 miraculacessantllesauetoArum)
1046 403 1215 459 immediate
1238 403 1302 459 lens
1322 400 1400 458 vivus
1422 406 1549 470 emanat,
1580 403 1628 478 qui
1653 405 1748 465 divina

77 505 193 560 Niceten
210 503 323 569 legitur,
341 505 418 575 qnod
435 521 468 558 ex
489 503 576 558 saeris
592 502 702 557 ossibus
717 501 777 571 ejus
793 502 889 554 oleum

77 594 275 659 emanaverit3
292 593 341 646 sed
355 594 391 647 ob
403 593 544 647 demerita
560 592 735 665 populi,1mo
750 607 764 640 e
779 605 887 642 succes-

76 682 189 737 soribus
204 681 261 736 suis
275 681 310 736 de
326 681 392 735 sede
411 698 462 735 sua
477 681 582 753 injuste
596 681 723 752 expulso,
739 678 828 731 llucrc
842 676 889 731 de·

77 771 166 826 sierit.

114 899 176 952 736.
198 919 211 945 «
232 895 296 949 Pari
320 895 407 949 modo
428 894 651 948 existimandum
679 896 721 946 est
744 892 779 946 de
808 892 887 946 tonte

77 985 107 1040 S.
127 984 277 1051 Brauonis,
292 969 431 1038 nimirum
446 984 592 1037 exsulante
608 1000 624 1036 a
640 980 815 1035 niouasteriu
827 980 888 1050 ejus

75 1074 229 1144 religione,
247 1072 358 1144 abipso
375 1071 552 1126 sanctissime
566 1071 710 1125 inclinata.
728 1069 887 1123 Comenim

75 1163 119 1218 vir
134 1162 255 1217 Sanctus
271 1161 465 1216 obdormisset
477 1161 504 1214 iu
517 1160 651 1226 llomino,
667 1158 774 1213 mansit
785 1174 886 1213 nrona-

74 1251 198 1306 sterium
215 1251 308 1322 ipsum
324 1250 351 1303 in
367 1250 514 1321 proposito
529 1249 592 1302 rita
608 1248 762 1302 ereiniticu
777 1247 888 1300 siccor-

75 1339 153 1395 dinis
167 1338 386 1401 Cartlinsiensis,
403 1354 489 1409 quam
507 1337 584 1409 prius
608 1337 635 1390 in
650 1352 749 1390 eremo
766 1334 886 1388 tlartlru·

75 1427 124 1481 sica
140 1431 169 1481 et
192 1431 292 1498 postea
312 1427 340 1480 iu
365 1425 502 1480 Calabriae
533 1442 631 1479 crenro
656 1428 769 1478 sanetus
791 1424 886 1477 llruno

75 1515 210 1570 instituit.
229 1514 466 1570 Successeiuutei
485 1514 513 1567 iu
529 1513 671 1584 regimine
687 1512 770 1566 dicire
784 1512 887 1566 duilius

75 1605 205 1676 quinque
222 1604 335 1658 Priores
350 1620 439 1674 nsque
455 1603 491 1657 ad
509 1599 887 1672 ternporevenerabilisGui-

76 1693 170 1765 gouis,
181 1691 288 1747 Prioris
298 1691 411 1761 blajoris
430 1690 598 1745 Carthasim.
612 1689 727 1744 Cunctis
742 1705 808 1743 veru
827 1688 885 1742 die·

75 1781 130 1835 bus
144 1781 303 1847 seniorum,
316 1779 362 1851 qui
378 1779 508 1833 viderant
528 1781 557 1832 et
576 1779 728 1833 audierant
749 1781 778 1830 et
799 1792 885 1831 uore-

75 1873 144 1923 rant
157 1868 256 1922 oniiiia
267 1885 356 1940 opera
371 1866 497 1933 Domini,
511 1885 575 1938 qua*¹
602 1884 654 1938 per
672 1884 786 1920 servum
803 1881 886 1919 suum

76 1959 243 2013 Brunonem
264 1957 378 2030 operari
403 1956 537 2028 dignatus
562 1961 622 2023 est;
647 1955 749 2027 quibus
766 1955 885 2009 tandem

74 2045 293 2100 suceedentibus
302 2046 375 2109 aliis,
387 2045 434 2116 qui
444 2046 503 2099 hm·
514 2061 572 2098 non
585 2046 736 2109 noverant,
749 2043 882 2112 cumjam

76 2134 147 2209 ordo
163 2133 372 2189 carthusiensis
398 2133 427 2186 iu
448 2132 538 2186 Gallia
557 2133 633 2186 circa
657 2131 836 2186 Cartlmstam
857 2133 886 2185 et

75 2222 142 2277 alibi
152 2220 337 2292 multiplicari
346 2220 485 2292 cepisset,
498 2222 709 2274 monasterinm
728 2219 795 2273 illud
808 2219 886 2272 Cala·

75 2311 145 2366 bria
162 2311 255 2364 solum
272 2309 411 2364 remansit
427 2326 443 2362 a
458 2309 609 2363 sanctitate
631 2313 660 2362 et
681 2309 793 2362 terrore
812 2306 884 2361 tanti

77 2399 170 2453 Patris
183 2415 235 2471 per
250 2404 380 2469 teporem
400 2399 590 2468 degenerans.
609 2399 678 2451 Cum
692 2414 783 2450 veroa
796 2396 884 2450 dome

76 2487 234 2542 Caribusioe
253 2486 414 2540 visitatores
429 2488 457 2539 et
472 2487 677 2539 reformatores
688 2488 799 2555 oeteis,
817 2500 883 2554 pro-

77 2579 141 2647 pter
156 2575 323 2630 distantiam
333 2574 565 2629 nimiamliabere
574 2590 630 2627 uon
643 2577 747 2645 posset,
760 2572 885 2627 adalind

76 2665 269 2736 propositum,
290 2665 424 2719 ordinem
443 2662 548 2718 scilieet
574 2661 803 2729 Cistereieusem,
824 2679 884 2734 qm,

78 2754 139 2806 tum
166 2769 266 2805 reeens
281 2752 426 2822 plantatus
443 2754 471 2803 et
488 2768 504 2802 a
520 2752 618 2804 sancto
636 2750 781 2804 bernardo
797 2750 883 2804 verbo

78 2844 163 2912 atque
179 2842 311 2913 exeuiplo
328 2840 446 2910 rigatus,
461 2839 490 2892 in
508 2854 615 2909 magno
633 2838 883 2909 lervorepersere·

77 2929 171 2995 rabat,
189 2946 218 2982 se
234 2930 365 2993 contulit,
383 2945 449 2982 eum
461 2928 524 2997 jam
550 2927 578 2980 in
596 2927 743 2997 proposito
767 2926 885 2980 Cartliu-

78 3017 178 3071 siensis
193 3016 313 3079 ordinis,
330 3017 359 3070 in
377 3032 433 3088 quo
450 3016 569 3069 lucidata
585 3016 688 3081 fuerat,
703 3016 786 3068 nitriis
805 3021 919 3080 sexa-C

77 3105 159 3177 ginta
173 3105 334 3159 durasset.»
349 3107 388 3158 lta
400 3103 884 3167 hectonisuternam-oona,iterum

77 3193 123 3247 hie
145 3193 209 3260 sibi,
234 3197 264 3248 ut
281 3210 356 3264 saepe
381 3193 460 3255 alias,
478 3196 619 3263 qnantum
644 3192 678 3246 ad
695 3190 883 3261 substantiam

78 3281 206 3349 Surium,
225 3285 398 3336 nontamen
416 3284 588 3341 Putcamim,
605 3283 703 3350 utpote
720 3279 768 3351 qui
789 3279 885 3333 Sancti

78 3370 190 3424 meritis
205 3371 295 3424 multa
311 3374 376 3440 post
400 3369 461 3440 ejus
481 3369 591 3423 obitum
614 3367 752 3421 miracula
772 3383 886 3438 operari

78 3459 236 3512 llcinrionm
253 3458 403 3528 dignatum
416 3475 488 3523 esse,
501 3456 660 3528 generatim
669 3457 807 3510 duntaxat
817 3455 885 3510 scri·

78 3548 138 3613 bat,
155 3547 384 3600 consentientem
401 3547 520 3600 liabens.
541 3545 643 3598 Verum
661 3545 730 3614 quid
749 3544 836 3598 modo
850 3544 886 3598 de

77 3634 170 3694 fonte,
187 3634 236 3705 qui
253 3634 290 3688 ad
310 3633 406 3687 Sancti
430 3635 572 3687 tirrnntum
594 3631 727 3702 prodigio
750 3632 887 3684 excitatus
952 3675 957 3684 .

77 3723 175 3789 luerit,
191 3723 227 3776 de
243 3722 387 3776 miraculis
401 3722 436 3775 acl
452 3723 539 3787 l1unc,
553 3720 723 3774 facientibus
746 3720 774 3772 id
791 3720 887 3775 Saluti

78 3809 200 3876 meritis,
217 3826 325 3880 magno
342 3826 463 3863 iurmero
476 3808 604 3879 patratis,
620 3808 654 3861 dc
672 3812 813 3877 ternpore,
830 3824 886 3878 ‹pnn

77 3898 100 3953 is
113 3899 257 3952 exaruerit
272 3915 321 3951 seu
338 3915 399 3951 esse
416 3896 541 3962 desierit,
561 3914 592 3949 ar
609 3896 726 3949 taiidcm
743 3897 829 3948 etiam
853 3895 887 3950 de

78 4003 174 4054 causa,
190 3987 227 4041 ob
244 4003 330 4058 quam
349 3986 401 4039 troc
415 3985 559 4050 acciderit,
574 3984 757 4038 sentiendum
774 3983 839 4037 est?

115 4129 179 4182 737.
196 4127 233 4181 Ut
255 4144 271 4179 a
296 4126 429 4198 prodigio
446 4125 558 4179 excitati
579 4125 615 4178 ad
640 4126 781 4178 tumulum
801 4123 889 4178 tontis

80 4214 184 4281 ducam
212 4213 338 4281 initian,
355 4231 420 4267 cum
441 4213 525 4283 hujus
547 4229 598 4267 nce
620 4215 763 4266 Puteanus
778 4213 805 4266 in
823 4230 889 4267 etru-

939 492 1093 547 clementia
1111 494 1140 547 in
1156 494 1240 564 liujus
1255 492 1311 546 Viri
1327 492 1417 546 saneti
1444 493 1555 547 mentis
1570 495 1666 550 multis
1685 498 1747 553 lan·

939 581 1746 652 giroribusfitleliumoptataecoulertremediasanitatis,»

938 668 1235 741 primorumqninqnc
1249 670 1405 725 Carthasim
1415 670 1547 725 Priorum
1554 671 1747 744 chronologus

938 773 986 810 sen
997 759 1143 829 antiquior
1153 759 1250 813 Sancti
1262 759 1353 813 nostri
1367 759 1542 830 biographus
1551 777 1631 814 num.
1644 760 1746 817 ultime

938 846 1113 916 suppeditet,
1127 851 1217 918 isque,
1231 850 1260 900 ut
1267 847 1329 916 jam
1345 863 1433 917 supra
1445 847 1746 912 doeni‚saeculo'terti0

939 932 1064 1000 decimo,
1077 935 1211 1004 acproin,
1220 934 1331 988 duobus
1341 935 1415 989 torte
1427 935 1558 990 nondum
1575 941 1639 1006 post
1650 935 1748 991 Sancti

938 1022 1050 1076 obitum
1063 1023 1172 1077 saeculis
1183 1024 1296 1094 elapsis,
1310 1024 1449 1089 floruerit,
1465 1042 1517 1080 nee
1528 1043 1606 1092 euni,
1619 1027 1697 1098 quod
1708 1026 1745 1082 de

937 1111 1029 1180 fonte,
1041 1113 1076 1167 ad
1089 1113 1185 1168 Sancti
1194 1115 1337 1168 tumulum
1350 1114 1515 1186 prodigiose
1531 1115 1663 1184 excitate,
1681 1134 1744 1172 rer·

937 1201 980 1256 bis
992 1202 1119 1256 recitatis
1133 1206 1288 1269 memorat,
1299 1206 1348 1257 aut
1359 1221 1391 1257 ex
1403 1203 1558 1275 antiquiori
1573 1221 1746 1259 monumen-

938 1293 977 1354 to,
997 1291 1046 1342 aut
1061 1292 1163 1344 saltem
1177 1307 1192 1343 e
1207 1291 1361 1345 traditione
1373 1291 1510 1358 hausisse,
1523 1308 1589 1346 rere
1604 1294 1745 1363 appareat

937 1377 1080 1446 absimile,
1102 1396 1117 1431 e
1140 1382 1217 1432 terra
1244 1380 1280 1433 ad
1306 1379 1446 1433 Bruuonis
1470 1381 1626 1447 tumulum,
1649 1384 1708 1448 aut,
1722 1379 1745 1436 si
1821 1364 1826 1373 ’

937 1464 1038 1531 maris,
1055 1483 1086 1518 ex
1100 1465 1153 1519 boe
1169 1465 1229 1535 ipso
1246 1483 1303 1519 non
1320 1466 1446 1537 erupisse
1462 1468 1659 1540 prodigiosum
1684 1468 1746 1522 lon·
1803 1508 1807 1519 .

937 1557 1007 1619 tem,
1025 1553 1223 1608 indubitanter
1237 1570 1398 1609 asseverare
1415 1572 1474 1610 non
1496 1558 1599 1624 ausim,
1621 1558 1686 1612 lieet
1703 1557 1746 1612 in·

936 1639 1022 1693 terim
1037 1641 1073 1695 de
1090 1657 1131 1708 re,
1148 1641 1227 1712 quod
1248 1641 1416 1696 indubitatae
1432 1660 1547 1714 prorsus
1562 1661 1594 1699 ae
1610 1649 1695 1701 certae
1710 1646 1743 1701 ll·

897 1745 922 1803 B
937 1728 982 1782 dei
998 1729 1067 1783 rade
1084 1747 1143 1783 non
1158 1730 1308 1796 inuitatur,
1327 1731 1450 1785 multum
1468 1731 1608 1787 dubitem.

972 1820 1033 1872 aaa.
1045 1818 1099 1872 Nec
1111 1818 1333 1885 dubitationem,
1346 1836 1420 1890 qnae,
1438 1820 1515 1891 quod
1532 1838 1590 1876 uon
1608 1823 1743 1893 amplius,

936 1903 1060 1976 ipsomet
1083 1905 1299 1960 Btomeui'enna
1314 1908 1408 1962 verbis
1427 1909 1553 1964 recitatis
1568 1909 1686 1979 latente,
1706 1912 1744 1967 ad

937 1991 1033 2046 Sancti
1050 1995 1195 2048 tumulum
1217 1995 1281 2049 lons
1297 1995 1469 2063 inveniatur,
1488 2015 1545 2053 non
1566 2016 1670 2071 parum
1692 2018 1743 2056 au·

935 2084 1030 2151 getur,
1046 2083 1148 2136 tollere
1168 2088 1278 2154 queunt
1301 2101 1365 2155 quoe
1385 2085 1566 2155 potissimum
1582 2088 1627 2143 liic
1646 2087 1743 2144 Sancti

935 2168 1112 2240 biographus
1138 2169 1166 2223 iu
1187 2187 1272 2224 rausa
1286 2172 1371 2226 luisse
1388 2173 1486 2227 scribit
1510 2177 1542 2229 ut
1563 2176 1744 2248 prodigiosus

935 2256 999 2311 sons
1013 2258 1058 2312 ille
1070 2258 1214 2313 exaruerit
1224 2276 1273 2313 sen
1284 2276 1345 2314 esse
1357 2260 1483 2315 desierit.
1497 2264 1665 2332 Datoeuim,
1678 2280 1743 2319 vere

935 2345 1020 2401 luisse
1036 2348 1148 2402 sontem
1164 2347 1200 2401 ad
1212 2347 1308 2402 Sancti
1325 2350 1467 2404 tumulum
1490 2351 1623 2422 prodigio
1638 2353 1743 2408 excita-

935 2436 1008 2501 tum,
1026 2435 1142 2490 desiisse
1159 2453 1237 2504 eum,
1254 2437 1341 2509 quod,
1359 2441 1390 2491 ut
1411 2455 1464 2509 per
1483 2440 1570 2493 rerba
1594 2457 1675 2494 nuni.
1690 2443 1742 2497 730

935 2525 1054 2578 recitata
1070 2527 1179 2595 (utpote
1195 2542 1247 2596 per
1263 2542 1361 2580 vocem
1386 2526 1495 2598 Religio
1513 2528 1663 2599 (adinum.
1680 2530 1741 2602 742)

865 2661 870 2672 ,
934 2610 1011 2665 idem
1028 2611 1148 2679 ibidem,
1166 2613 1243 2683 quod
1264 2630 1316 2685 per
1333 2630 1432 2668 vocem
1455 2615 1542 2682 Orda,
1566 2617 1743 2690 intelligens)

934 2703 1006 2756 velle
1021 2701 1143 2767 videtur,
1158 2702 1282 2773 religiosi
1295 2702 1454 2758 turritanae
1467 2706 1557 2759 eremi
1573 2705 1673 2761 incolae
1688 2707 1745 2762 Cis-

934 2789 1076 2844 tercieuse
1092 2790 1255 2844 institutum
1271 2795 1367 2846 essent
1381 2793 1518 2862 amplexi,
1536 2810 1640 2865 parom
1664 2812 1744 2851 vero·

935 2878 1029 2932 simile
1046 2881 1176 2948 apparet,
1197 2894 1264 2932 eum
1286 2879 1314 2932 hi
1340 2879 1480 2934 duntaxat
1501 2880 1531 2936 id
1557 2882 1741 2951 fecerint,ut,

934 2968 1059 3037 collapsa
1082 2965 1159 3035 apud
1184 2982 1232 3021 eos
1248 2967 1382 3037 religiosa
1404 2968 1567 3041 disciplina,
1583 2988 1600 3025 a
1615 2972 1672 3026 vita
1687 2971 1742 3026 mi·

935 3072 988 3109 nus
1004 3058 1127 3119 austera,
1142 3055 1179 3108 ad
1194 3071 1293 3124 quam,
1308 3056 1577 3125 primaevuiustituti
1590 3060 1632 3112 sni
1646 3060 1741 3131 rigore

935 3143 1046 3212 relicto,
1063 3142 1238 3210 defecerant,
1257 3144 1294 3198 ad
1310 3144 1422 3199 vivendi
1442 3162 1578 3200 normam
1593 3148 1687 3219 magis
1706 3148 1744 3203 ri·

935 3232 1032 3303 gidam
1047 3232 1196 3304 stragisque
1208 3236 1338 3286 sanctam
1356 3236 1537 3288 transeuntes
1553 3236 1611 3290 [len
1632 3238 1742 3309 perlec-

879 3366 884 3377 .
936 3322 991 3375 tius
1006 3322 1116 3393 possint
1131 3321 1275 3388 famulari,
1291 3323 1539 3392 quemadmodum
1551 3324 1743 3397 ipsemetlllo-

936 3426 1100 3464 nieriveuna
1116 3410 1209 3464 verbis
1222 3393 1348 3464 recitatis
1362 3410 1491 3465 indicare
1503 3411 1624 3480 videtur,
1640 3414 1742 3469 fidem-

936 3514 992 3570 que
1015 3498 1104 3551 etiam
1130 3498 1199 3552 lacit
1225 3514 1292 3551 mox
1322 3498 1470 3553 recitanda
1490 3500 1634 3555 Coelestini
1662 3519 1743 3574 papae

936 3587 1013 3640 bulla
1029 3603 1076 3639 seu
1095 3588 1190 3640 breve.
1208 3586 1280 3639 Sunt
1295 3587 1413 3657 quidem
1431 3588 1479 3658 qui
1502 3571 1565 3643 illos
1590 3607 1606 3643 a
1623 3591 1743 3645 Cartba-

936 3675 1020 3728 sreusi
1036 3675 1166 3728 instituto
1181 3675 1217 3728 ob
1234 3690 1332 3727 causas
1352 3691 1417 3745 quac
1431 3678 1489 3730 lteo
1513 3677 1609 3732 niiuus
1630 3680 1744 3749 placere

937 3764 1099 3829 debuerint,
1117 3763 1248 3816 resiliisse
1269 3763 1468 3831 contendunt3
1485 3782 1584 3819 verum
1603 3767 1679 3822 hisce
1700 3787 1743 3823 as-

937 3851 1119 3906 sentiendum
1135 3870 1192 3906 non
1207 3868 1266 3904 esse
1292 3851 1340 3904 alii
1365 3853 1472 3918 colunt,
1495 3872 1546 3908 neo
1570 3871 1693 3924 quorum
1710 3875 1744 3912 ex

937 3945 1018 4012 parte
1036 3940 1139 3994 veritas
1153 3943 1218 4006 stet,
1234 3940 1359 3993 multum
1375 3940 1411 3994 ad
1432 3956 1495 3995 rem
1519 3947 1648 3997 nostram
1664 3944 1743 3998 lacit.

937 4031 1043 4084 llcnms
1054 4029 1132 4083 enim
1143 4029 1241 4095 etiam,
1251 4028 1358 4098 justam
1368 4028 1500 4095 omuino,
1512 4030 1641 4100 aliquam
1647 4032 1744 4085 Turri-

937 4122 1013 4172 tauae
1021 4118 1110 4171 eremi
1121 4118 1221 4171 inc-flas
1229 4117 1442 4171 aCartlmsieusi
1452 4117 1681 4172 adCistereiense
1689 4121 1746 4174 ins·

938 4206 1056 4260 titutum
1071 4205 1251 4272 deflexerint,
1266 4221 1382 4259 eausam
1403 4222 1460 4260 uon
1479 4206 1628 4275 exstitisse,
1644 4209 1744 4263 neesie

80 4309 187 4379 scripta
204 4326 220 4362 a
235 4326 263 4363 se
280 4308 422 4363 Brunonis
438 4309 510 4370 Vita,
528 4325 580 4361 nec
596 4310 679 4371 ullus,
696 4308 772 4379 quod
788 4307 887 4375 sciam,
899 4304 925 4362 D
939 4294 1323 4360 [amentem-*imilessl'fldflb
1338 4294 1445 4347 fact-¹¹¹¹]
1456 4311 1516 4348 ⁰⁸⁵0
1528 4296 1742 4369 utl'ous,quiad

79 4397 204 4467 scriptor
220 4413 268 4450 seu
283 4397 401 4468 aequalis
415 4414 463 4450 sen
477 4414 583 4466 suppar
597 4397 776 4450 locutionem
791 4396 887 4464 saciat,

80 4500 141 4537 esse
157 4501 225 4538 sane
240 4484 352 4538 ridetur
365 4502 425 4550 cur,
443 4500 480 4538 an
494 4501 560 4539 vere
579 4485 614 4537 acl
632 4483 726 4537 Sancti
743 4485 888 4539 tumulum

79 4572 220 4627 miraculo
237 4573 302 4627 loris
319 4573 456 4644 eruperit,
476 4573 504 4626 in
521 4572 638 4626 dubium
654 4590 670 4625 a
691 4589 749 4625 nou
771 4572 888 4627 ueniine

79 4665 241 4716 revocetur.
260 4661 366 4714 littero
385 4677 450 4714 cum
467 4660 573 4714 inventi
590 4660 697 4713 luerint
712 4661 771 4731 qni,
786 4678 887 4732 quem-

79 4748 241 4803 admodum
257 4765 344 4818 snpra
357 4749 489 4813 vidimus,
507 4748 535 4802 in
552 4747 711 4813 Cartlinsia,
730 4764 795 4801 curu
815 4748 888 4802 hauc

79 4836 202 4891 Sanctus
217 4837 335 4907 ejusque
348 4837 415 4890 socii
432 4836 558 4908 primum
574 4835 695 4889 luissent
707 4835 837 4905 ingressi,
849 4835 889 4888 di-

78 4923 184 4978 vinitus
206 4923 292 4977 luisse
312 4924 465 4978 excitatum
489 4924 612 4987 totitem,
637 4922 819 4987 coutirerint,
840 4925 889 4974 ant

78 5014 182 5067 saltem
199 5028 341 5067 exerrare
357 5013 542 5078 crediderint,
560 5011 658 5083 quidni
676 5011 762 5066 etiam
780 5011 888 5064 lactum

79 5116 140 5156 esse
157 5104 245 5172 queat
255 5104 296 5167 ut,
309 5102 351 5155 rel
366 5119 398 5155 ex
413 5118 510 5155 errore
524 5103 566 5155 rel
577 5118 609 5155 ex
619 5099 747 5171 fingendi
762 5099 887 5166 licentia,

79 5188 213 5263 prodigio
230 5189 266 5243 ad
280 5189 375 5243 Sancti
393 5189 483 5244 nostri
498 5190 641 5243 tumulum
659 5188 800 5243 ebulliisse
824 5188 887 5242 lon·

79 5280 151 5345 tem,
167 5279 197 5331 in
213 5277 323 5331 litteras
338 5277 456 5331 missum
476 5277 574 5344 luerit,
596 5277 823 5348 propensiusque
839 5277 887 5330 de·

80 5367 147 5422 inde
164 5383 196 5420 ae
210 5366 332 5433 facilius,
353 5383 440 5437 quam
458 5383 511 5437 par
533 5369 617 5429 esset,
645 5382 660 5418 a
688 5366 886 5437 prodigiorum

82 5453 248 5508 amantibus
260 5454 402 5508 creditum
419 5454 433 5507 ‘Y
446 5457 580 5507 Attamen
593 5470 657 5507 curn
669 5455 888 5525 sequentialem

79 5543 179 5609 verba,
198 5565 211 5593 o
227 5543 310 5596 Juxta
325 5545 487 5615 sepulerum
510 5544 570 5614 ejus
589 5544 628 5615 (S.
647 5542 787 5597 llruuonis
806 5542 889 5597 nimi

937 4384 1082 4437 tumulum
1102 4384 1120 4437 S
1140 4381 1280 4436 ltrnnonis
1290 4381 1424 4453 prodigio
1439 4383 1575 4437 excitatus
1586 4385 1695 4451 luisset,
1708 4386 1745 4440 ob

938 4489 1038 4526 eorum
1056 4469 1458 4526 adcistercienseinstitutum
1470 4470 1673 4539 delectionem,
1683 4490 1746 4528 exa·

939 4560 1039 4615 ruerit.
1052 4559 1263 4627 Qualiscunque
1275 4557 1353 4610 euim
1368 4574 1402 4611 ea
1419 4558 1516 4626 luerit,
1533 4575 1594 4613 sese
1609 4560 1744 4631 equidem

939 4648 975 4702 ad
988 4648 1050 4701 vitae
1067 4647 1229 4700 institutoris
1248 4647 1326 4700 nullo
1347 4662 1463 4717 prorsus
1478 4664 1493 4700 e
1508 4648 1601 4718 capite
1617 4652 1746 4705 contem·

939 4736 1066 4791 nendum
1081 4734 1354 4806 multisqnenomini
1369 4752 1744 4808 ussnmmopererommeu-

938 4824 1067 4879 dandum
1082 4825 1263 4888 transtulere,
1282 4840 1333 4878 nee
1350 4824 1389 4890 id,
1408 4824 1645 4879 nisiasseutieote
1657 4843 1746 4898 acap-

938 4914 1080 4985 prubante
1097 4929 1210 4966 suanno
1226 4912 1360 4982 pontillre
1377 4913 1540 4979 Caelestino,
1555 4913 1659 4982 fecere,
1676 4917 1745 4971 utie

938 5003 1025 5063 bulla,
1042 5018 1098 5073 qua
1110 5001 1155 5054 tic
1175 5001 1214 5054 eis
1231 5001 1266 5055 ad
1285 5001 1501 5055 Gistereiensem
1518 5002 1651 5056 ordinem
1668 5007 1744 5058 tran·

937 5089 1036 5145 seuncli
1053 5090 1220 5143 facultatem
1237 5089 1313 5154 lecit,
1331 5088 1516 5143 manifestum
1533 5092 1585 5143 est.

973 5182 1034 5233 739.
1052 5178 1128 5231 llanc
1142 5177 1273 5231 idcircoe
1289 5177 1423 5244 Suriano,
1433 5177 1744 5248 quieamsuisadeom-

938 5269 1061 5343 positam
1078 5284 1094 5320 a
1110 5266 1193 5320 Surio
1204 5266 1233 5319 S.
1249 5266 1389 5319 ltrunonis
1400 5266 1743 5324 Vitamllunotationibus

938 5378 987 5415 seu
1003 5358 1098 5431 potins
1120 5355 1292 5411 chronotaxi
1316 5355 1392 5409 hisce
1414 5357 1532 5425 adpectae
1555 5374 1621 5428 pag.
1647 5361 1698 5413 aaa
1715 5362 1743 5414 et

938 5467 997 5521 seq.
1030 5447 1157 5514 inseruit,
1183 5445 1338 5498 [candorio
1367 5445 1420 5497 linc
1447 5446 1536 5500 lubet.
1563 5446 1607 5500 Sic
1632 5447 1742 5502 habet:

940 5563 954 5591 o
969 5538 1136 5594 tloelestinus
1151 5534 1309 5607 episcopus,
1334 5551 1432 5589 serius
1455 5551 1604 5592 serrorum
1621 5536 1682 5605 oei,
1702 5538 1743 5593 di·
