3772 5970
134 326 182 384 rut
561 306 1113 371 s.euuuonrscauruus1t1touuu
1131 308 1365 369 instituturus

133 447 212 505 iuter
227 444 389 504 Dorlundus
404 439 538 499 Chronici
551 435 759 497 carthusiensis
772 413 822 491 lib.>
832 451 862 502 ιι,
871 451 933 508 cap.

1739 316 1793 373 Μ

986 435 1102 508 probari
1119 435 1245 492 indicare
1261 436 1421 493 videantur.
1436 433 1494 493 Sed
1508 436 1570 494 hcec
1586 437 1622 495 de
1636 438 1728 510 laute,
1741 441 1791 515 qui

133 534 332 613 8‚precibusS.
345 523 886 602 llugonis,Gratiauopolitaniepiscopi,
895 526 936 578 at·
984 525 1118 597 prodigio
1133 543 1197 580 oum
1211 525 1332 581 Sanetus
1342 527 1459 598 ejusque
1473 527 1542 582 socii
1557 527 1736 585 Carthnsiam
1748 549 1791 588 es·

133 626 274 682 tribuunt.
303 621 452 678 Zacharias
464 619 643 683 Benedictus,
651 617 761 670 iontem
773 613 853 667 illum
869 627 934 683 pre-

133 714 212 770 cibus
227 716 256 768 et
271 709 451 767 S.Bruuonis
466 711 494 762 ot
513 707 634 762 aliorum
650 702 792 768 omnium,
808 700 857 773 qui
869 715 935 753 eum

133 816 168 857 eo
179 801 209 856 in
225 797 384 865 Carthusia,
398 797 466 851 dum
476 795 602 868 primum
615 794 644 848 in
652 793 726 847 haue
735 788 855 862 ingressi
869 788 936 843 redi-

133 889 198 946 tlcia
211 886 370 943 necessaria
384 887 585 941 construerent
613 895 752 954 aquaeque
761 876 884 949 penuria
893 877 934 930 la-

134 977 282 1042 borarent,
293 993 310 1029 a
320 977 379 1030 Deo
391 973 476 1028 fuisse
492 971 689 1044 impetratum,
704 968 734 1023 in
748 965 891 1021 metricae
905 979 935 1018 se

133 1064 274 1121 adornata
288 1061 384 1118 Sancti
400 1059 490 1116 nostri
501 1059 564 1113 Vita
578 1059 654 1112 hunc
669 1056 746 1111 canit
758 1055 788 1109 in
803 1053 934 1109 modurn:

166 1152 287 1209 Planitie
300 1153 328 1205 in
340 1166 444 1204 summa
459 1147 580 1219 cellaeque
595 1152 621 1202 et
630 1145 724 1216 pliona
739 1149 891 1207 sinerentur,

134 1242 140 1249 ‘
168 1238 392 1311 Christipocaeque
409 1252 515 1292 socrum
531 1234 662 1290 Genitriei
674 1232 709 1286 nd
718 1249 767 1284 ara
782 1230 898 1285 dicatur.

167 1327 219 1384 Ille
231 1328 302 1383 loeus
312 1329 439 1399 priuatus
451 1335 509 1379 erat
527 1322 682 1392 fluvialibus
699 1320 786 1374 iendis.

166 1416 233 1472 Non
246 1416 285 1470 ibi
299 1417 418 1470 cisternae
428 1421 574 1485 puteusque
588 1428 635 1465 nee
645 1410 714 1464 ullus
729 1408 834 1463 ibidem.

119 1511 122 1519 '
157 1506 207 1561 ·In
216 1508 294 1576 souea
308 1512 435 1575 tanquam
443 1500 571 1572 pluvialis
583 1499 691 1569 lympha
706 1497 829 1570 manebat

170 1594 293 1660 Mortua,
308 1598 332 1647 et
346 1590 485 1646 interdum
500 1589 569 1643 luteo
585 1587 690 1647 feriebat
700 1586 787 1639 odore.

167 1682 203 1737 ln
223 1697 332 1736 merore
350 1695 439 1733 omnes
456 1676 622 1731 incommoda
634 1679 709 1729 tanto
721 1673 867 1745 serebant,-

985 617 1049 668 sent
1062 614 1194 685 ingressi,
1207 615 1343 670 excitatus
1357 616 1454 683 suerit,
1472 615 1549 671 dicta
1558 617 1720 688 sufficianl;
1742 622 1791 694 qui

985 702 1067 773 plura
1080 703 1115 756 de
1127 719 1161 757 eo
1178 703 1332 771 desiderat,
1343 703 1588 759 adeatSuriauurn
1600 706 1629 760 in
1638 707 1695 762 suis
1708 708 1737 764 in
1749 726 1793 765 ca·

985 793 1037 860 put
1054 794 1086 845 12
1102 789 1177 845 Surii
1193 791 1455 860 observationibus,
1465 810 1546 848 num.
1564 798 1605 862 li,
1621 797 1650 850 et
1663 796 1793 868 haynau-

985 877 1054 932 dum
1068 877 1098 931 in
1113 877 1214 949 stylita
1229 881 1358 951 mystico,
1377 885 1481 953 puncto
1496 887 1523 949 2,
1540 899 1620 938 uum.
1637 887 1663 940 3.

1019 967 1792 1044 48l.ZaehariusBeuedietusinmetrica,quamconcin-

985 1053 1576 1130 navil,SanetiuostriVitaprodigiolontis,
1592 1057 1727 1118 divinitus
1742 1081 1789 1120 ex-

985 1141 1074 1209 citati,
1091 1145 1314 1213 novaeecclesias,
1330 1163 1454 1201 unacum
1468 1147 1530 1203 aliis
1545 1150 1790 1225 qualibuscunque

985 1230 1113 1287 {edificiis
1128 1232 1157 1286 iu
1174 1233 1334 1302 Carthusia,
1358 1234 1455 1290 statim
1480 1240 1566 1309 atque
1593 1237 1715 1294 Sanctus
1728 1241 1790 1312 eju-

986 1335 1041 1390 que
1056 1320 1125 1374 socii
1137 1338 1267 1377 eremum
1278 1322 1352 1377 hanc
1367 1323 1488 1379 luissent
1503 1325 1635 1397 ingressi,
1652 1327 1789 1386 aedilicari

986 1422 1019 1461 ex
1035 1408 1117 1463 dietis
1144 1413 1255 1482 coepta,
1278 1411 1398 1483 jamque
1423 1413 1460 1467 ad
1483 1413 1651 1471 umbilicum
1666 1434 1732 1473 eum
1757 1419 1791 1475 iis

986 1497 1142 1566 perductae,
1156 1499 1490 1572 consecrationemque
1505 1502 1541 1556 ab
1553 1503 1673 1575 lingone
1683 1506 1791 1562 Gratia-

986 1587 1154 1658 nopolitano
1168 1586 1301 1660 episeopo
1318 1604 1432 1644 summo
1449 1593 1590 1662 apparatu
1602 1591 1679 1648 iacta
1692 1594 1789 1663 fuerit,

985 1674 1143 1746 subjungit.
1163 1676 1199 1729 Ut
1209 1678 1238 1729 et
1250 1676 1296 1730 hie
1311 1681 1459 1748 praestem,
1473 1679 1551 1750 quod
1567 1680 1679 1736 curioso
1690 1682 1790 1739 lectori

166 1771 222 1827 Sed
233 1770 299 1842 quid
310 1776 381 1823 eerta
398 1767 464 1837 pidet
488 1781 541 1819 nan
556 1767 679 1836 impetrat
701 1770 780 1836 atque
794 1768 909 1815 meretur
922 1762 936 1814 ἱ)
947 1760 972 1818 Β
984 1761 1111 1816 futurum
1137 1780 1220 1835 spero
1238 1780 1296 1818 nou
1320 1766 1481 1836 ingratum,
1500 1783 1596 1823 versus
1618 1759 1789 1842 precipuos,

165 1859 202 1916 Se
215 1858 287 1912 dedit
303 1858 330 1910 in
347 1857 480 1926 lacrymas
494 1851 752 1924 areuitqrreiuelqtus
768 1850 811 1905 illc

167 1945 267 2013 Gutus,
281 1951 305 2000 et
321 1946 435 1999 obtinuit
445 1941 554 2014 supplex
568 1941 638 2013 quod
652 1941 686 1996 ab
697 1940 870 2010 arrepetioit;

165 2035 292 2107 Namque
303 2035 393 2088 statim
409 2034 437 2086 in
451 2031 520 2085 diua
534 2030 625 2099 fodere
640 2029 772 2101 crepidine
784 2029 872 2099 rupis,·

167 2123 225 2179 Nee
240 2140 327 2190 mora,
343 2123 469 2176 continuo
486 2120 576 2172 latices
586 2121 687 2188 fleterre
703 2125 818 2172 recentes

165 2211 204 2268 Et
219 2213 289 2266 riuos
307 2227 380 2280 eqere
395 2207 498 2279 amplos
512 2206 554 2260 uel
566 2207 687 2275 fluminis
703 2207 797 2258 instar.

166 2298 266 2356 Laetoti
275 2300 409 2370 fremuere
425 2294 664 2366 ornneslaudesque
679 2293 817 2359 dederunt,

164 2388 257 2461 Atque
270 2387 429 2443 salutarunt
437 2403 470 2440 ea
481 2386 533 2437 imo
543 2391 649 2454 pectore
663 2381 766 2437 culum.

166 2476 273 2531 Lamlit
282 2475 369 2530 adbuc
381 2491 462 2528 curuo
477 2472 539 2543 fons·
560 2470 603 2524 ille
617 2471 757 2523 eacumina
771 2486 860 2536 eursu,

166 2563 355 2635 Gallorumque
369 2563 456 2630 lrortos
469 2562 552 2614 vitreo
565 2560 727 2626 circumfluit
739 2575 826 2611 amne.

164 2655 227 2709 480.
246 2653 387 2706 llactenus
404 2650 535 2705 laudatus
550 2646 728 2713 Benedictus,
745 2645 792 2718 qui
804 2645 933 2717 quamvis

128 2740 251 2808 fontem,
266 2740 301 2794 de
317 2756 373 2812 quo
389 2737 525 2810 loquitur,
540 2735 683 2806 hodieque
698 2735 810 2789 fontem
825 2734 854 2789 S.
864 2735 933 2788 Bru-

128 2830 214 2886 nonis
228 2827 367 2900 appellari
385 2843 443 2882 non
462 2825 566 2890 edicat,
589 2824 725 2877 eumdem
742 2826 839 2878 tamen
867 2822 932 2877 lou-

126 2919 197 2985 tem‚
215 2933 301 2989 quem
316 2917 357 2970 ita
371 2913 676 2983 inhodiernumusque
686 2910 930 2977 diomnomiuari,

126 3009 256 3061 auctores
266 3002 466 3077 supralaudati
486 3001 645 3066 affirmant,
661 2999 779 3054 indubie
795 2999 931 3066 celebrat,

126 3111 191 3150 curn
207 3097 267 3149 tam
282 3093 357 3160 lons,
374 3091 478 3163 dequo
493 3089 533 3156 hi,
556 3105 643 3161 quam
659 3089 733 3155 lons,
749 3088 784 3143 de
800 3104 857 3159 quo
873 3087 930 3155 illc,

126 3181 566 3238 miraculoseraturerortus.tlst
576 3174 780 3231 vercuesonsis
793 3175 930 3229 miraculo

124 3286 206 3325 suern
217 3265 492 3337 debeatorigiuem‘l
505 3264 536 3319 ld
546 3263 680 3335 equidem
690 3279 749 3317 non
766 3261 931 3333 puto.Quod

125 3356 204 3412 enim
217 3373 233 3411 a
246 3353 431 3426 scriptoribus
446 3351 664 3417 recentioribus,
682 3350 722 3405 uti
738 3350 784 3404 bic
800 3349 840 3415 ut,
853 3350 930 3404 nullo

125 3459 241 3517 prorsus
253 3442 325 3497 vade
352 3441 470 3512 antiquo
494 3439 697 3511 adstipulante,
727 3439 866 3494 miraculo
892 3437 932 3492 la·

122 3534 201 3587 ctum
217 3529 362 3596 asseritur,
387 3528 526 3583 miraculo
546 3544 611 3582 vere
627 3527 736 3582 sactum
752 3543 824 3594 esse,
851 3527 928 3581 credi

123 3637 182 3676 nou
196 3618 292 3687 debet,
309 3617 361 3673 nisi
377 3616 450 3672 ratio
464 3615 585 3672 omniuo
600 3615 692 3671 solida
710 3631 743 3669 ao
758 3614 930 3670 convincens

124 3708 301 3765 contrarium
313 3707 441 3762 siradcat.
455 3704 529 3769 Quid
538 3703 929 3775 aulem,quenso,oeeurcit‚ut

121 3796 244 3864 iontem,
265 3795 313 3868 qui
326 3812 342 3849 a
356 3794 385 3849 S.
398 3795 532 3849 Brunone
559 3792 587 3847 in
602 3792 758 3847 Carthasim
785 3791 928 3863 hodieque

121 3901 229 3941 nomen
244 3886 403 3948 conservat,
425 3881 557 3954 prodigio
573 3881 643 3936 olim
660 3879 927 3944 cxcitatuminani-

122 3990 204 4028 mum
229 3968 421 4026 inducamus?
442 3972 486 4023 An
510 3968 588 4039 quod
610 3967 753 4039 hodieque
781 3989 794 4015 r<
811 3966 875 4021 sous
897 3966 926 4020 S.

122 4058 265 4114 Brunonis
283 4077 297 4105 »ι
316 4056 454 4112 vocetur?
476 4055 580 4109 Verum
601 4054 700 4126 quidni
717 4054 927 4110 nomenclatio-

985 1850 1087 1922 quibus
1103 1851 1239 1906 metricus
1249 1852 1296 1907 ille
1311 1853 1488 1925 biographus
1499 1872 1562 1911 cern
1570 1857 1646 1912 hauc
1654 1857 1791 1915 describit

985 1955 1018 1993 ac
1033 1940 1168 2006 celebrat,
1178 1941 1232 1995 hue
1247 1941 1415 1996 transcribo.
1429 1942 1473 1997 Sic
1488 1943 1621 2000 habent:

1019 2026 1134 2099 larisque
1148 2028 1202 2083 dies
1215 2029 1337 2083 solemnis
1351 2037 1418 2098 erut,
1435 2049 1486 2104 quo
1501 2034 1628 2088 maehina
1637 2051 1749 2107 surqene

1014 2114 1140 2187 Hospritio
1151 2123 1257 2188 poterat
1272 2119 1413 2173 irionaellos
1427 2136 1531 2175 serrare
1546 2121 1658 2176 decenti.

1019 2202 1102 2272 Huqo
1115 2204 1276 2274 cietelerum
1289 2207 1406 2278 ciuesque
1416 2209 1514 2264 inuitat
1526 2209 1560 2263 ab
1576 2210 1640 2265 serbe

1015 2291 1062 2347 Ad
1074 2309 1191 2348 summos
1206 2295 1295 2347 aditur
1312 2295 1466 2367 incultaque
1479 2296 1573 2351 limina
1588 2300 1685 2353 uraniis

1024 2380 1135 2435 Visuros
1146 2382 1207 2449 fieri
1216 2382 1307 2450 sestioi
1317 2385 1433 2437 encaenia
1450 2385 1549 2456 templi.

1019 2468 1201 2524 AEssublirue
1216 2478 1304 2534 sonat,
1325 2471 1475 2544 clamatque
1491 2473 1526 2527 ad
1539 2474 1608 2547 sesta
1624 2482 1754 2531 cateruas.

1022 2555 1097 2610 Tune
1112 2557 1221 2612 delubra
1240 2566 1352 2629 parunt,
1373 2559 1499 2634 foliisque
1513 2564 1659 2618 uirentibus
1677 2573 1786 2621 ornant.

1018 2644 1140 2716 Aptatur
1149 2648 1240 2717 paries
1254 2648 1368 2711 hederis,
1374 2650 1506 2720 pendente
1519 2652 1644 2722 corymbo
1656 2669 1665 2716 ς

1017 2732 1110 2805 Hique
1124 2733 1209 2802 lipant
1226 2735 1316 2802 buras,
1330 2743 1355 2790 et
1367 2754 1436 2808 quos
1451 2738 1575 2793 Tritonia
1587 2741 1695 2810 frondes

1017 2819 1132 2884 Servat:
1146 2823 1179 2876 ab
1190 2823 1295 2878 excelsis
1309 2824 1423 2879 traditus
1431 2824 1537 2882 Peneia
1544 2827 1637 2882 laurus

1018 2909 1146 2978 Frondet,
1161 2917 1187 2965 et
1197 2913 1308 2966 hirsute
1325 2921 1419 2968 coeunt
1430 2916 1458 2967 in
1471 2922 1540 2969 serta
1559 2919 1669 2986 myrice·

1016 2996 1191 3069 Sporquntnr
1205 3001 1282 3068 (tores
1294 3002 1419 3074 violaeque
1426 3021 1477 3074 per
1491 3004 1580 3060 ardua
1590 3011 1657 3060 leetu

1013 3086 1084 3140 Lilia
1101 3105 1154 3141 non
1167 3087 1270 3155 desunt,
1287 3092 1429 3158 narcissus,
1442 3092 1571 3146 uehuntur
1581 3100 1605 3147 et
1621 3093 1686 3164 ojus

1016 3173 1217 3248 Purpurereque
1229 3194 1293 3232 rose
1305 3195 1380 3250 tquec
1384 3196 1435 3250 per
1446 3182 1532 3234 urcino
1547 3183 1666 3236 ministri

1019 3263 1123 3334 Oppida
1135 3264 1270 3333 leqeruni3
1284 3283 1375 3320 crocus
1390 3273 1427 3322 est
1439 3274 1464 3321 et
1476 3277 1580 3338 myrtus
1590 3270 1683 3327 odora.

1015 3351 1080 3405 Esse
1095 3353 1137 3405 lic
1149 3351 1287 3406 Paestanas
1303 3354 1391 3410 hortos
1404 3362 1428 3409 et
1443 3374 1507 3410 rura
1522 3366 1642 3429 putares.

1014 3439 1069 3494 Hic
1085 3440 1170 3493 nrrlaeu
1179 3447 1290 3510 patent,·
1305 3443 1347 3495 liic
1355 3444 1430 3514 pieta
1447 3447 1545 3515 tapetia
1557 3447 1662 3518 sulqent

1014 3527 1092 3582 Misit
1106 3529 1280 3599 ephemerides
1290 3532 1378 3584 uarias
1386 3539 1409 3586 et
1422 3550 1533 3586 munera
1541 3536 1647 3605 presul

1013 3615 1061 3670 Aa
1071 3633 1138 3670 naeu
1150 3617 1254 3687 pliona,
1270 3619 1365 3690 quidus
1380 3622 1453 3673 inuri
1466 3627 1614 3691 teqerentur
1627 3631 1651 3678 et
1666 3642 1731 3680 arce.

1015 3702 1093 3758 Ostra
1103 3704 1280 3759 etluminibus
1297 3707 1405 3761 stellant
1421 3708 1519 3763 altario
1532 3713 1641 3765 circum.

1014 3793 1076 3846 482.
1089 3791 1220 3846 Versibus
1233 3793 1277 3847 his
1292 3795 1461 3851 benedictus
1474 3799 1544 3853 alios
1559 3802 1787 3875 nonnullos,qui·
1850 3849 1858 3864 .

977 3880 1030 3935 hus
1043 3879 1117 3950 ipsos
1139 3880 1228 3935 etiam
1248 3883 1388 3938 coelieolns
1402 3885 1438 3939 ad
1454 3886 1666 3943 solemnitatem
1681 3906 1786 3946 eostre·

979 3966 1053 4022 nisse
1067 3972 1220 4034 memorat,
1236 3987 1286 4024 seu
1301 3971 1396 4041 potius
1417 3990 1499 4027 more
1514 3975 1638 4047 poetico,
1667 3980 1696 4031 et
1724 3979 1785 4051 qui·

978 4055 1044 4111 dem
1070 4072 1128 4110 nou
1152 4056 1235 4124 nihil,
1260 4075 1348 4130 ruram
1364 4077 1417 4130 par
1433 4061 1479 4128 sit,
1508 4062 1662 4133 licentiori,
1688 4066 1784 4139 lingit,

124 4163 193 4202 nem
208 4146 283 4201 haue
299 4143 470 4199 contrahere
495 4145 581 4215 atquo
597 4141 626 4195 in
649 4141 822 4196 hodiernum
838 4159 926 4214 usque
978 4159 1045 4197 mox
1055 4143 1208 4210 subnectit,
1226 4162 1258 4199 ac
1274 4146 1379 4201 deiude
1395 4148 1434 4203 ita
1445 4152 1650 4223 prosequitur:

123 4233 200 4289 diem
226 4248 395 4288 conservare
419 4228 556 4302 potuerit,
579 4229 656 4301 quod
677 4229 782 4285 Sancto
809 4231 926 4303 ejusque
1012 4231 1119 4285 Praesul
1132 4232 1214 4298 celest,
1231 4251 1321 4288 sacras
1335 4236 1413 4290 solito
1426 4239 1690 4307 capitor-‹tinerestes

122 4322 205 4377 sociis
218 4337 334 4394 aquam,
351 4335 439 4392 quam
448 4317 685 4391 quotidianissuis
696 4318 925 4374 usibusneccssa-
940 4331 965 4389 1)
1013 4318 1050 4372 Et
1065 4320 1142 4373 dccco
1153 4323 1265 4392 imponit
1278 4324 1370 4393 copiti,
1383 4324 1542 4398 trisulamque
1558 4331 1666 4384 tiorum.

121 4409 195 4465 riam
211 4409 367 4473 habebant,
389 4404 636 4461 subnriuistrarit‘l
652 4404 726 4469 Quid
742 4406 771 4459 ni
787 4406 874 4461 ctiam
888 4407 927 4461 ita
1014 4406 1118 4461 Fumus
1128 4409 1253 4463 odoratus
1268 4413 1399 4466 crenienre
1419 4413 1599 4470 tliureSubaea

120 4496 215 4553 vocari
227 4496 363 4569 potuerit,
372 4495 449 4567 quod
459 4512 548 4568 prope
556 4511 622 4548 eum
631 4495 725 4549 Bruno
737 4495 881 4562 cellulam,
896 4496 925 4550 in

121 4601 178 4657 que
195 4584 342 4650 habitarit,
359 4587 531 4638 exstructam
546 4582 703 4638 habuerit?
716 4583 751 4638 Ul
765 4588 795 4638 ut
807 4583 851 4651 sil,
870 4586 925 4639 Pu-

120 4671 629 4744 teanusequidem,Blomenrennaet
641 4670 750 4738 Surins,
763 4672 814 4727 etsi
825 4689 926 4728 omues

119 4760 209 4816 fontis
225 4760 270 4814 cui
283 4760 311 4814 S.
339 4760 479 4815 Bruuouis
494 4760 565 4814 cella
581 4759 666 4814 suerit
683 4760 826 4830 adjuncta,
844 4778 924 4814 ruen-

119 4849 230 4905 tionem
244 4849 361 4915 laciaut,
377 4848 412 4902 de
428 4848 566 4903 miraculo
584 4851 692 4912 tamen,
709 4864 766 4919 quo
780 4848 824 4902 hie
840 4849 927 4904 fuerit

120 4937 266 5004 excitatus,
282 4938 371 4992 altum
387 4936 482 5005 silent,
500 4935 547 5009 qui
563 4938 673 5001 tamen,
687 4953 719 4989 ac
730 4936 857 4991 maxime
874 4939 926 4992 Pu-

119 5025 333 5096 teanus,utpole
341 5024 533 5080 eniZaeharirn
545 5024 690 5079 Benedicti
702 5024 926 5082 metricaS.Brn·

120 5111 924 5187 nouisVila,inqua1dmemoratur,annol5l0,seuquin·

120 5200 248 5270 queunio
265 5205 422 5273 antequam
438 5218 519 5258 suam
537 5200 572 5256 de
589 5202 752 5257 hocsaneto
773 5203 858 5257 Patre
873 5221 924 5258 suo

121 5285 350 5343 lucubrationem
366 5289 532 5355 adornaret,
548 5289 583 5343 ab
597 5288 722 5361 ipsomet
743 5293 858 5346 auctore
880 5291 924 5348 in·

121 5373 227 5444 scripta
255 5392 287 5429 ac
304 5376 435 5431 dedicata
450 5376 545 5445 luerit,
559 5379 710 5450 perspecta
724 5377 801 5432 haud
827 5378 923 5449 dubie,

123 5473 187 5529 quae
205 5460 240 5513 de
255 5463 421 5534 prodigioso
432 5464 511 5519 lonte
527 5464 707 5533 dicebantur,
723 5465 855 5539 apprime
875 5469 926 5525 ha·

121 5543 264 5614 bueruut;
292 5553 323 5603 ut
346 5551 467 5622 proinde
483 5551 597 5608 silentio
609 5570 660 5610 suo
679 5568 714 5610 ea
731 5554 784 5610 sibi
803 5556 924 5616 minime

1010 4496 1104 4551 Altius
1117 4498 1244 4564 ascendit,
1255 4499 1392 4571 photiique
1402 4502 1539 4558 uoluneino
1552 4507 1673 4577 complet.

1010 4585 1141 4655 Pontifici
1151 4586 1303 4640 calliedraru
1309 4596 1393 4658 parat
1409 4590 1461 4658 ille,
1477 4594 1520 4646 liic
1542 4596 1663 4664 simpulo
1675 4600 1780 4660 sternit,

1009 4672 1125 4745 dariique
1139 4673 1285 4728 sacerdotes
1298 4693 1372 4747 aequo
1386 4677 1539 4734 discrimine
1549 4699 1642 4736 uocum

1011 4760 1149 4831 Incipiunt
1161 4769 1264 4827 cerutus,
1278 4764 1373 4819 rutilus
1388 4769 1505 4838 ossurqit
1521 4770 1557 4824 od
1572 4789 1633 4826 aras

1010 4849 1109 4904 Pastor
1123 4857 1147 4903 et
1155 4854 1245 4906 erectis
1251 4852 1308 4906 culi
1318 4853 1353 4907 ad
1363 4854 1475 4926 sastiqia
1480 4858 1581 4928 palmis

1007 4939 1125 5009 Mystico
1141 4948 1233 4996 saneta
1249 4941 1309 4995 litat
1323 4947 1423 5014 superis
1434 4952 1459 4999 et
1471 4965 1581 5003 meinero
1597 4950 1673 5006 libat.

1013 5027 1163 5100 Implentur
1177 5030 1300 5101 elonqore
1313 5033 1392 5099 teclae,
1402 5051 1467 5088 caera
1482 5037 1547 5091 tibia
1560 5037 1648 5093 dulces

1009 5118 1057 5173 Ad
1072 5135 1193 5173 numeros
1205 5121 1318 5190 inflabat
1329 5122 1402 5191 ebur,
1419 5123 1486 5179 dant
1498 5143 1600 5196 orqouo
1605 5130 1729 5201 plausus.

1009 5206 1155 5262 Alternant
1169 5207 1230 5263 litui
1238 5212 1329 5280 perito
1340 5214 1458 5277 carinine
1472 5232 1561 5270 versus
1573 5234 1582 5281 ς

1009 5297 1117 5352 Plectra
1134 5297 1250 5370 lyraeque
1276 5299 1398 5369 oderant,
1422 5301 1589 5378 Pliadeoque
1617 5316 1713 5364 eerneta
1741 5331 1783 5366 su·

1640 5397 1744 5468 [pellea.

1009 5474 1123 5529 Dedicat
1137 5475 1240 5530 interea
1252 5477 1377 5549 templum
1390 5479 1588 5556 claustrumque
1597 5487 1727 5546 sacerdos,

1009 5561 1103 5636 Sitque
1117 5580 1191 5618 noire
1205 5563 1300 5622 dornui
1308 5584 1403 5624 nomen
1422 5568 1565 5627 Cartlrusio
1586 5573 1706 5634 enudat.
