3772 5976
105 309 159 368 oto

622 304 801 367 EllPOSl'l'lO
820 304 856 364 ΙΝ
874 302 1041 364 PSbleOS.
1056 334 1090 347 -
1105 303 1202 362 PSAL.
1223 302 1257 362 IV

1642 360 1645 372 .
1716 307 1768 369 tto

104 436 171 504 post
184 430 233 504 qui
247 447 264 487 a
278 450 326 488 me
340 432 519 498 exaudiatur,
545 432 691 493 exsurrexi,
712 430 741 484 id
757 434 799 486 εει
815 446 912 484 exsur·
926 427 1149 498 Atteaideslde
1162 424 1398 481 remuneratione
1409 425 1477 482 boni
1488 425 1591 499 operis.
1603 426 1768 487 ltttribuen·

106 539 186 589 gam.
201 523 234 575 Et
247 523 416 577 benedicit:
435 523 496 576 Nou
511 538 640 591 surgam,
657 520 707 574 sed
731 535 887 590 exsurgam
903 535 910 586 ;

104 594 138 679 9
153 611 181 664 id
197 615 238 664 est
248 615 328 664 extra
338 611 461 665 aliorum
475 610 684 664 surrectionem
701 624 829 679 surgam.
851 607 914 663 Gla·-

108 698 212 753 riosior
223 699 301 753 enirn
312 716 361 753 ero
372 700 481 753 cunetis
491 699 552 753 aliis
563 697 788 768 resurgentibus.
797 698 850 751 Per
857 696 912 750 hoc

108 787 187 858 quod
196 786 512 855 dicitdormiarn,innuit
522 786 590 859 quia
601 803 660 841 non
669 787 757 856 langa
765 785 820 839 erit
833 799 912 840 mors

105 876 166 951 illa,
180 875 230 930 sed
249 875 285 930 ad
303 876 417 942 horam,
435 876 511 930 uude
523 875 611 948 possit
624 875 680 930 cito
697 874 823 940 excitari,
840 874 913 928 sieut

103 963 208 1035 aliquis
223 963 258 1018 de
273 965 458 1019 dormitione.
471 965 525 1018 Per
536 965 589 1019 hoc
600 963 678 1035 quod
688 963 911 1033 dieitsoporatas,

103 1051 201 1108 innuit
211 1053 290 1124 quod
304 1069 371 1108 cum
387 1053 483 1124 quiete
499 1053 564 1119 erit,
579 1057 609 1107 et
624 1069 690 1107 cum
700 1051 852 1107 securitate
866 1067 911 1106 re·

104 1141 414 1214 surgendi.Soporatus
423 1158 549 1213 namque
560 1142 663 1196 dieitur
678 1141 725 1213 qui
739 1158 837 1195 secure
848 1141 913 1196 dor-

104 1231 170 1296 mit,
187 1230 428 1303 velquiadixerat
441 1231 581 1296 dormiam,
594 1231 679 1286 idest
693 1231 810 1284 brevem
836 1246 913 1285 mor·

103 1323 166 1374 tem
183 1319 285 1391 patiar.
303 1319 343 1373 Ne
358 1323 527 1390 putaremus
542 1318 619 1390 quod
646 1335 713 1372 mox
737 1321 910 1390 resurgeret,

103 1407 185 1462 addit
198 1407 361 1478 :Soporatas
374 1407 467 1474 ero‚id
476 1409 518 1463 est
527 1408 738 1478 aliquantulum
755 1406 911 1464 dormiam.

104 1497 223 1551 Ostensa
241 1496 361 1550 utilitate
371 1513 423 1550 sua
433 1497 468 1550 de
481 1499 575 1550 morte
591 1513 652 1563 sua,
669 1495 796 1550 ostendit
811 1498 840 1549 et
849 1496 912 1566 jam

103 1585 259 1640 utilitatem
275 1585 487 1652 membrorum,
501 1584 539 1638 sic
555 1584 912 1657 dieo,quia[’omiuussus·

104 1675 207 1743 ceptor
222 1689 303 1727 meus
319 1673 383 1739 erit,
400 1673 430 1727 id
446 1677 489 1727 est
503 1673 638 1744 suscipiet
651 1690 709 1738 me,
724 1672 752 1727 id
766 1675 808 1726 εει
832 1688 911 1726 resu-

964 515 1015 570 dus
1028 519 1070 570 est
1083 515 1185 581 Dari'd,
1200 515 1228 569 id
1253 518 1295 569 est
1318 515 1451 585 perlectae
1469 517 1613 583 Ecclesiae,
1641 536 1704 590 quas
1724 521 1768 575 est

963 620 1052 658 manu
1068 604 1149 658 fortis
1164 606 1265 658 contra
1281 594 1619 671 diabolum.l)arid,dieo‚
1637 606 1768 663 tendenti

962 691 993 746 in
1010 693 1110 756 linem,
1128 691 1210 746 idest
1226 691 1255 745 in
1272 691 1428 758 Christum,
1447 692 1536 746 finem
1564 694 1770 765 prophetaret

962 780 1044 851 legis.
1056 780 1184 835 Psalmus
1198 779 1301 834 dicitur
1313 779 1540 852 symphoniailla
1549 798 1613 852 quae
1627 797 1769 841 manuum

963 868 1097 924 exercitio
1127 868 1159 921 stt
1178 868 1207 922 in
1237 868 1333 940 aliquo
1349 869 1542 924 instrumento
1568 870 1769 943 musicaque

962 960 1047 1031 vulgo
1070 957 1180 1027 Laudas
1197 957 1308 1012 dicitur.
1327 959 1361 1012 Et
1381 959 1448 1031 quia
1473 959 1634 1016 dilectabile
1659 965 1712 1028 est,
1740 964 1770 1019 et

963 1062 1050 1118 opere
1066 1036 1097 1099 fit
1111 1062 1262 1112 manuum,
1279 1062 1329 1118 pro
1346 1047 1423 1101 bono
1440 1065 1527 1120 opere
1543 1049 1676 1119 ponitur;
1691 1049 1769 1122 quod

963 1151 1029 1188 eum
1043 1133 1177 1189 exercitio
1190 1150 1329 1189 manuum
1341 1135 1449 1190 laetum
1459 1135 1547 1190 Ceum
1559 1137 1769 1193 delectattlau-

962 1223 1051 1277 ticum
1075 1226 1172 1276 autem
1199 1222 1370 1295 symphonia
1390 1224 1504 1290 dicitur,
1533 1241 1589 1295 qua
1614 1226 1676 1281 vira
1700 1244 1768 1284 roco

963 1327 1106 1383 expressa,
1131 1310 1222 1381 magis
1237 1327 1325 1380 quam
1342 1313 1452 1383 psalrno
1469 1313 1582 1366 animus
1596 1314 1766 1384 delectatur,

963 1398 1086 1471 ideoque
1098 1415 1149 1471 pro
1164 1400 1400 1454 remuneratione
1415 1401 1513 1456 lutura
1524 1419 1587 1473 qrrar
1595 1402 1705 1458 dulcior
1714 1405 1768 1461 erit

963 1504 1051 1560 opere
1078 1488 1156 1542 bono
1173 1488 1299 1558 ponitur.
1317 1490 1351 1541 Et
1366 1491 1407 1542 est
1422 1506 1474 1543 vox
1490 1491 1617 1561 perlecta
1628 1492 1768 1562 Ecclesiae,

963 1576 1107 1647 imprimis
1123 1577 1251 1631 minores
1279 1579 1411 1649 exemplo
1439 1579 1481 1633 sui
1504 1580 1676 1649 informans,
1697 1583 1769 1640 utin

963 1664 1150 1719 tribulatione
1167 1681 1260 1730 orare,
1278 1665 1350 1720 sieut
1373 1668 1402 1720 ει
1421 1666 1492 1738 ipsa,
1520 1685 1578 1722 non
1603 1674 1724 1736 cessent,
1740 1673 1770 1726 et

102 1761 236 1816 scitabil:
253 1762 315 1815 Non
332 1762 427 1815 timelio
439 1761 522 1815 millia
531 1762 628 1832 papali
646 1762 836 1816 circumdantis
848 1777 911 1824 me,
928 1753 1165 1818 Bexaufflautur,
1180 1753 1252 1808 sicut
1263 1753 1374 1825 etipsa;
1393 1759 1493 1827 postea
1504 1773 1570 1812 vero
1587 1756 1717 1813 infideles
1733 1760 1769 1817 ab

102 1850 191 1905 idest
207 1865 295 1903 meos.
314 1851 368 1903 Per
383 1851 437 1904 boe
453 1850 532 1921 quod
551 1850 620 1903 dicit
633 1850 717 1903 millia
739 1850 834 1920 populi
862 1851 912 1903 eir-

102 1937 264 1996 eamdantir,
275 1937 407 2008 designat
420 1938 542 1991 multam
552 1938 613 1992 lore
624 1940 842 2009 persecutorum
853 1940 911 1993 tur-

101 2024 181 2080 bam.
200 2025 286 2089 Quasi
302 2025 399 2079 dicat:
418 2025 489 2088 Ouia
502 2041 556 2095 ego
572 2025 636 2090 vici,
654 2029 682 2079 et
696 2025 754 2079 mci
769 2026 886 2080 vincent
901 2042 908 2093 ;

105 2129 165 2167 non
181 2113 290 2169 timebo
314 2129 349 2167 oe
365 2113 422 2167 mei
438 2113 599 2167 vincantur.
618 2113 697 2169 Sicut
722 2113 789 2168 alibi
817 2114 908 2169 dicit:

101 2219 118 2253 ιι
135 2200 358 2272 Confidite‚quia
369 2217 423 2271 ego
433 2201 484 2255 vici
497 2201 640 2256 mundum
650 2186 741 2272 (Joan.
760 2202 864 2272 xv1‚33)
877 2219 883 2256 :
894 2223 908 2252 n

103 2289 168 2344 dieo
182 2306 188 2343 ι
200 2290 262 2344 Non
271 2290 415 2346 itinerari
427 2289 517 2360 utipsi
526 2289 696 2356 vineant,tu‚
709 2292 793 2356 Deus,
805 2291 910 2362 quipo-

102 2381 168 2432 tens
183 2395 223 2443 es,
241 2382 270 2432 et
285 2378 389 2432 videris
405 2378 644 2449 persequentibus
656 2378 910 2448 impotens,exsur·

103 2465 231 2536 ge,idest
240 2470 342 2537 potens
353 2467 509 2537 appare.Et
519 2466 622 2519 saturem
628 2467 674 2536 sae
685 2465 768 2532 me,id
777 2470 819 2520 est
830 2483 910 2521 meos

103 2570 141 2608 ne
157 2554 263 2607 cedant
287 2554 426 2609 hostibus.
446 2555 478 2607 Et
501 2554 621 2625 dignum
637 2558 695 2622 est;
713 2571 780 2609 nam
796 2571 826 2608 es
838 2554 911 2610 Deus

103 2642 270 2704 irensidest
281 2646 463 2705 meorum,et
479 2659 537 2697 tion
552 2642 674 2698 aliusEt
687 2643 741 2697 troc
755 2643 847 2710 video,
860 2660 912 2715 per

102 2731 476 2797 contrariamsententiarn,
494 2731 561 2802 quia
583 2731 704 2785 salvabis
726 2749 822 2799 meos;
841 2748 911 2787 narn

104 2818 235 2874 destrues
251 2819 429 2873 adversarios
457 2819 586 2874 Ostensio
602 2819 859 2890 percontrarium.
877 2820 911 2874 Et

102 2906 158 2962 hoc
173 2908 211 2960 sic
226 2907 310 2962 dicit:
329 2908 553 2964 Salvabismeos.
569 2909 602 2961 Et
616 2909 670 2962 lroe
687 2908 754 2962 inde
770 2908 827 2962 scio
843 2891 944 2981 qiuaC

97 2999 263 3067 percensis-ti,
291 2996 320 3050 id
347 2997 497 3069 percuties,
527 2996 633 3051 seilicet
661 2996 799 3063 destrues,
828 3000 857 3051 et
880 2998 910 3052 in

103 3101 226 3155 corpore
243 3088 271 3138 et
287 3085 315 3138 in
332 3085 441 3150 anima,
458 3102 545 3137 ornnes
559 3085 726 3138 adversantes
738 3085 805 3137 milti
813 3085 912 3156 inpas-

103 3173 185 3228 sione
198 3176 254 3226 sirie
268 3191 359 3239 eausa,
372 3173 415 3226 rel
430 3174 506 3238 initii,
524 3173 554 3227 id
569 3176 611 3226 εει
626 3172 708 3239 meis,
725 3176 754 3226 ει
779 3189 837 3228 non
865 3189 910 3228 so·

102 3261 164 3314 lum
184 3259 324 3325 minores,
342 3261 392 3314 sed
416 3260 605 3314 etiamdentes
625 3267 808 3331 peccatoram,
825 3261 911 3315 idest

100 3349 164 3402 illos
180 3349 309 3420 quisunt
325 3349 426 3402 dentes
456 3349 531 3402 inter
555 3352 731 3419 peccatores,
753 3349 783 3404 id
798 3354 841 3403 est
868 3349 911 3403 in·

101 3441 290 3508 corporantes
307 3437 434 3492 minores
449 3437 478 3490 in
496 3439 616 3503 malurn,
633 3437 704 3491 sieut
721 3438 821 3492 dentes
837 3440 909 3491 atte-

100 3530 169 3581 runt
185 3527 282 3581 cibum
294 3531 324 3579 ut
340 3526 535 3597 incorporent.
552 3524 720 3593 Contriaicti,
738 3525 767 3579 id
785 3529 828 3579 est
843 3542 909 3581 con·

100 3616 187 3679 teres,
203 3615 283 3668 idest
298 3615 427 3668 destrues
442 3632 474 3667 ex
491 3618 563 3681 toto;
576 3617 629 3681 rel,
641 3615 740 3680 dentes,
755 3614 784 3667 id
798 3617 839 3668 est
849 3631 909 3669 cor-

100 3718 214 3757 rosores
230 3702 414 3756 detrahentes
431 3702 551 3756 mibivel
565 3702 646 3758 meis.
663 3703 696 3755 Et
710 3701 777 3773 quia
789 3719 842 3773 pro
852 3701 908 3756 suis

101 3796 243 3854 oraverat,
270 3790 379 3844 diceret
394 3791 495 3860 aliquis
513 3808 519 3844 :
536 3790 579 3844 Ad
595 3790 662 3861 qnid
679 3807 731 3861 pro
760 3790 800 3844 eis
815 3789 907 3845 oras‘l

100 3897 169 3933 nam
185 3882 312 3949 possent,
322 3879 343 3931 si
361 3880 434 3932 beno
449 3879 555 3946 vivant,
574 3895 625 3949 per
641 3896 670 3932 se
684 3879 906 3936 salvariEtideo

100 3967 253 4038 adjungit:
269 3967 432 4020 Necessario
449 3984 499 4021 oro
517 3969 607 4020 Deum
629 3971 660 4021 ut
676 3971 822 4039 exsurgal;
838 3985 907 4023 nam

99 4055 213 4109 Domini
227 4061 264 4108 est
275 4055 357 4115 salies,
375 4055 402 4108 id
418 4059 461 4109 εει
476 4055 684 4127 nulluspuleril
698 4055 799 4109 salvari
813 4056 849 4110 ab
865 4056 907 4110 in-

100 4142 301 4213 corporatione
317 4142 513 4207 inimieorum,
527 4142 579 4197 uisi
597 4159 647 4213 per
663 4159 729 4196 eum
744 4142 792 4215 qui
808 4143 905 4198 [lomi-

101 4248 154 4284 nus
169 4235 221 4296 est,
238 4234 342 4301 potens
360 4231 454 4300 justus
479 4233 587 4285 saltare
602 4234 630 4284 et
647 4233 737 4285 malos
753 4231 904 4288 damnare.

99 4319 182 4374 blodo
197 4319 265 4372 tacit
279 4319 315 4372 ad
331 4335 396 4373 euru
411 4320 618 4390 apostropham
634 4337 666 4373 ex
681 4318 905 4373 nimiaalleetio·

100 4423 147 4472 ne,
164 4407 202 4460 sic
218 4424 225 4460 t
244 4408 297 4460 Per
313 4410 340 4460 ιε
356 4410 398 4460 εει
414 4408 488 4461 salus
500 4408 534 4461 ab
551 4408 673 4462 inimicis
699 4407 727 4461 in
752 4407 807 4462 hoe
820 4424 905 4462 mun·

99 4495 148 4560 do,
165 4497 193 4547 et
206 4511 264 4572 pon
279 4496 372 4548 solum
390 4495 454 4561 boe,
466 4496 515 4549 sed
532 4496 684 4562 terrertr'etio,
701 4496 728 4550 id
745 4499 906 4551 estaterna

99 4583 297 4637 remuneratio
313 4585 433 4636 ventura
462 4601 539 4654 saper
557 4585 687 4653 populant
715 4591 801 4650 taum,
818 4585 846 4638 id
864 4589 907 4639 est

100 4675 220 4725 ventura
235 4672 270 4725 de
287 4672 482 4742 superioribas
500 4672 595 4726 inillis
610 4673 669 4744 qui,
685 4673 763 4745 prins
779 4674 827 4728 filii
839 4691 904 4745 per·

98 4757 224 4825 ditionis,
243 4763 309 4812 suut
336 4760 423 4814 futuri
440 4761 561 4830 populus
577 4763 650 4817 tuus.
670 4761 729 4814 Erit
744 4769 802 4828 tua,
820 4761 904 4816 idest

98 4846 150 4916 per
172 4849 201 4900 te
217 4847 293 4912 dala,
311 4847 382 4900 sicut
398 4848 536 4919 scriptum
554 4851 596 4901 ost
612 4865 618 4901 :
636 4849 726 4903 Nemo
741 4852 835 4921 potest
858 4867 904 4904 ve·

98 4935 162 4989 nire
175 4934 211 4988 ad
224 4951 282 5001 me,
299 4934 352 4989 uisi
366 4937 450 4988 Pater
466 4952 548 4989 meus
570 4937 688 4990 traxerit
714 4936 795 4991 illum
812 4936 902 5008 (Jaan.

99 5038 136 5077 vl.
153 5021 210 5094 di).
230 5044 243 5071 n

366 5111 400 5163 ΙΝ
421 5111 581 5167 Psalltn'lt
596 5115 639 5168 lV.

134 5197 270 5269 Sequitur
283 5198 381 5253 titulus
396 5201 489 5271 quarti
507 5202 608 5271 psalmi
623 5220 630 5271 ς
645 5203 693 5275 qui
713 5202 776 5257 talis
794 5206 854 5257 est:
873 5201 906 5257 In

98 5287 151 5356 fine
162 5287 282 5356 psalmas
297 5290 396 5340 cantici
410 5288 509 5343 Ilan'al.
524 5290 576 5353 Oui
590 5291 627 5344 sic
647 5291 813 5362 exponitur:
832 5290 907 5345 Prat-

99 5375 328 5439 metamaucum
355 5376 439 5442 istud,
466 5378 494 5431 iil
522 5383 562 5431 est
590 5382 725 5433 tractatus
752 5382 795 5433 est
816 5379 908 5433 dictus

100 5464 227 5532 psalmus
244 5463 358 5526 cantici,
372 5482 406 5517 eu
423 5465 500 5534 qnod
525 5467 725 5537 principaliter
750 5471 852 5520 tractat
872 5467 907 5521 de

100 5551 226 5622 psalmo,
244 5550 272 5604 id
287 5555 331 5604 est
342 5551 377 5605 de
393 5551 469 5607 bono
485 5557 614 5624 opereat
628 5553 908 5611 secundariodecan·

263 5665 381 5723 Parnoi..
405 5664 481 5722 CLll.

962 1841 1132 1895 infidelitate
1142 1841 1178 1896 ad
1186 1842 1273 1895 fidem
1286 1843 1445 1897 revocantis
1460 1847 1488 1898 ει
1502 1845 1538 1899 ad
1550 1845 1763 1917 paenitentiam,

963 1933 991 1983 et
1007 1930 1151 1983 malorum
1166 1931 1357 1985 cessationem
1374 1932 1539 2004 bonamque
1563 1935 1766 2004 operationem

961 2018 1099 2084 vocantiS,
1115 2021 1143 2072 et
1163 2018 1200 2072 sie
1214 2019 1250 2073 ad
1266 2035 1347 2090 spem
1371 2021 1613 2078 remunerationis
1637 2025 1768 2097 exemplo

961 2122 1012 2160 suo
1029 2123 1077 2160 eos
1092 2106 1264 2164 inducentis.
1281 2108 1315 2161 Et
1327 2108 1382 2162 hoe
1397 2108 1436 2163 sio
1451 2107 1530 2164 dicit.

1014 2178 1066 2264 10
1083 2193 1153 2249 Cam
1172 2198 1332 2264 t'aaaearern,
1347 2198 1484 2251 caurillioit
1499 2217 1540 2252 ine
1562 2200 1634 2255 Deus
1643 2201 1761 2271 justitiae

962 2300 1036 2336 ntea.
1054 2282 1136 2346 Quod
1149 2284 1188 2338 sic
1199 2285 1400 2355 exponitur:0
1416 2302 1464 2341 vos
1480 2287 1617 2353 minores,
1632 2289 1763 2347 invocate

962 2372 1053 2426 [teum
1071 2371 1099 2425 in
1119 2373 1304 2427 tribulatione
1318 2377 1422 2439 vestra,
1430 2378 1459 2428 et
1474 2376 1667 2432 exaudiemini
1679 2396 1685 2446 ;
1699 2397 1768 2435 nam

961 2478 1023 2515 ciam
1039 2463 1189 2516 invocarem
1205 2463 1340 2517 eraiedioit
1355 2464 1438 2526 me,id
1449 2466 1492 2518 est
1503 2467 1621 2534 audivit,
1636 2470 1768 2541 ulimpe-

962 2551 1082 2616 trarenr,
1097 2549 1169 2604 Deus
1181 2551 1274 2622 opifex
1277 2553 1392 2621 justitia
1403 2570 1477 2618 mea,
1486 2553 1516 2608 id
1528 2559 1570 2609 est
1585 2554 1709 2627 quilecit
1720 2575 1768 2615 me

958 2638 1079 2708 justam,
1097 2642 1130 2692 ut
1143 2639 1230 2710 digna
1243 2656 1335 2694 essem
1347 2640 1384 2695 ad
1396 2642 1584 2699 audiendum.
1600 2645 1682 2701 ldodo
1702 2647 1770 2702 lacit

962 2728 1168 2798 apostropham
1185 2729 1221 2782 ad
1236 2730 1328 2782 Deum
1344 2747 1377 2783 ex
1394 2730 1484 2784 nimia
1506 2732 1669 2801 allectione,
1686 2735 1767 2806 quasi

962 2816 1070 2888 gratias
1085 2833 1183 2887 agens,
1199 2820 1228 2871 et
1240 2833 1387 2889 exponens
1402 2818 1431 2871 in
1446 2836 1502 2890 quo
1517 2836 1583 2874 eam
1612 2824 1764 2893 exaudivit,

962 2904 1025 2958 dico
1038 2904 1188 2958 exaudisti.
1216 2904 1363 2961 Etverum
1382 2911 1440 2975 est;
1456 2924 1525 2962 nam
1554 2911 1581 2962 in
1599 2911 1769 2969 tribulatione

962 2993 1062 3065 positae
1078 2992 1199 3051 dilatasti
1221 2994 1297 3056 milii,
1324 2994 1411 3048 idest
1437 2995 1638 3052 dilatationem
1666 2999 1768 3056 dedisti

962 3081 1044 3135 mihi.
1057 3081 1143 3145 Quasi
1155 3082 1230 3136 dieat
1245 3100 1251 3136 :
1267 3084 1338 3136 Cum
1352 3084 1522 3138 tribulantes
1539 3103 1596 3152 me,
1613 3091 1767 3159 angustam

961 3169 1068 3222 vellent
1081 3171 1109 3222 et
1124 3185 1242 3239 parvam
1261 3170 1355 3225 faeere
1369 3172 1511 3241 justitiam
1542 3191 1649 3240 meam,
1673 3176 1766 3234 iecisti

961 3256 1124 3311 econtrario
1138 3275 1277 3329 magnam
1290 3263 1319 3314 et
1334 3260 1484 3335 dilatatam
1497 3279 1504 3326 ;
1532 3265 1561 3317 et
1576 3266 1617 3330 tu,
1632 3265 1680 3335 qui
1700 3266 1763 3335 jam

961 3343 1109 3410 exaudisti,
1126 3346 1223 3399 aruitdi
1251 3347 1355 3401 iterum
1380 3351 1526 3402 orationem
1542 3368 1638 3410 rnearn,
1668 3352 1697 3407 id
1723 3358 1765 3410 ost
1825 3378 1836 3388 ‘

960 3433 1032 3488 mibi
1049 3435 1160 3499 utilem,
1176 3439 1248 3489 etex
1262 3453 1327 3490 mea
1338 3437 1500 3492 intentione
1512 3442 1590 3493 recta
1605 3443 1766 3510 proceden-

959 3527 1029 3588 tem,
1042 3526 1071 3575 ct
1086 3524 1203 3595 exponit
1220 3524 1295 3577 uude
1312 3525 1452 3582 exaudiet.
1475 3526 1520 3581 Sic
1530 3528 1593 3584 dico
1609 3531 1715 3599 aruitdi,
1736 3531 1763 3588 id

959 3614 1001 3665 est
1022 3613 1144 3665 adserere
1156 3613 1217 3678 mei,
1234 3629 1270 3665 ne
1286 3612 1388 3666 cedam
1404 3614 1617 3684 tribulantibus,
1635 3621 1677 3672 vel
1695 3620 1764 3685 mei,

958 3698 988 3753 id
1003 3703 1046 3754 est
1059 3716 1191 3753 meorum
1208 3716 1244 3753 ιιε
1268 3699 1381 3755 cedant.
1401 3702 1454 3754 Per
1469 3703 1523 3755 boe
1538 3705 1694 3774 quodcum
1708 3708 1764 3762 rei·

958 3787 1101 3841 teralione
1116 3790 1189 3852 ιιιιιι,
1203 3787 1318 3841 iustruit
1333 3787 1460 3842 minores
1471 3789 1647 3847 incessanter
1669 3811 1763 3862 orare,

954 3876 1037 3946 juxta
1061 3875 1130 3929 illud
1155 3875 1283 3946 Apostoli
1301 3892 1307 3929 :
1323 3899 1335 3925 ιι
1354 3875 1420 3930 Sine
1443 3876 1656 3935 intermissione
1684 3886 1764 3938 orate

958 3963 985 4034 (l
997 3964 1083 4018 Thess.
1097 3981 1122 4027 v,
1132 3961 1175 4035 7);
1190 3985 1202 4010 ι
1215 3965 1244 4017 ει
1258 3963 1327 4018 illud
1340 3964 1483 4036 Evangelii
1501 3982 1507 4020 ι
1526 3989 1539 4015 ιι
1558 3966 1643 4022 Orate
1661 3986 1697 4024 ne
1718 3970 1763 4024 in-

956 4053 1037 4106 tretis
1061 4053 1300 4107 intentationem
1332 4052 1409 4125 (Lar.
1427 4071 1492 4121 xxa,
1505 4055 1585 4124 20).»
1617 4057 1763 4115 lnstruetis

957 4140 1117 4195 minorihus
1140 4140 1236 4211 paucis
1256 4141 1358 4208 verbis,
1380 4144 1598 4198 conversionem
1614 4144 1650 4199 ad
1664 4146 1764 4204 infide·

956 4228 1084 4295 lassarit,
1104 4229 1247 4283 instruens
1263 4246 1312 4284 eos
1327 4229 1455 4302 pluribus
1468 4231 1570 4298 verbis,
1592 4249 1656 4287 cum
1674 4235 1764 4306 majo-

956 4317 980 4370 ri
994 4320 1099 4388 egeant
1114 4318 1302 4372 iustruetione
1319 4334 1406 4388 quam
1421 4319 1468 4390 qui
1478 4320 1686 4391 aliquantulum
1697 4328 1764 4380 sunt

956 4405 1098 4469 instructi,
1115 4409 1144 4458 et
1160 4405 1238 4476 prius
1261 4406 1386 4460 ostendit
1401 4422 1475 4461 vana
1494 4425 1554 4463 esse
1572 4426 1636 4481 quie
1652 4398 1761 4480 colunt,

956 4498 1097 4566 quautam
1110 4495 1145 4548 ad
1163 4494 1296 4564 gentiles,
1309 4498 1337 4548 el
1348 4496 1519 4550 mendacem
1536 4500 1761 4570 exeusationem,

956 4586 1099 4655 quantum
1116 4583 1151 4636 ad
1167 4583 1280 4637 iudaeos
1297 4599 1303 4636 :
1322 4584 1402 4637 etsie
1416 4584 1483 4639 dicit
1501 4603 1506 4639 :
1524 4585 1592 4642 Filii
1611 4590 1761 4655 bominum,

956 4676 1010 4726 etc.
1028 4672 1110 4736 Quod
1118 4671 1156 4724 sic
1164 4671 1317 4742 exponitur
1332 4688 1338 4725 :
1352 4673 1410 4742 Ego
1420 4673 1483 4743 jam
1499 4676 1632 4734 exaudita
1647 4696 1723 4746 sum,
1733 4682 1762 4735 et

956 4776 1014 4825 vos,
1026 4760 1048 4813 si
1061 4759 1193 4813 simililer
1207 4758 1380 4826 'clarnaretis,
1398 4761 1530 4816 similiter
1541 4765 1760 4822 exaudiremini.

955 4849 999 4916 Et,
1014 4866 1063 4903 vus
1077 4849 1129 4917 filii
1143 4849 1291 4911 learninarn,
1308 4867 1443 4921 resqiiequo
1463 4850 1543 4905 eritis
1563 4855 1642 4921 praei
1663 4855 1762 4909 eorde?

955 4938 1013 4991 Hoc
1032 4937 1198 4991 dictumest
1214 4937 1419 5005 communiter,
1436 4940 1465 4992 et
1479 4938 1582 4992 ludaris
1609 4943 1637 4994 et
1665 4943 1761 5012 genti-

956 5026 1017 5081 bus.
1051 5026 1084 5078 Et
1099 5025 1173 5079 bene
1202 5025 1271 5079 dicit
1282 5025 1335 5093 filii
1346 5026 1493 5090 lominum,
1512 5027 1592 5098 quasi
1607 5028 1696 5083 dicat:
1707 5031 1762 5086 Vos

956 5114 1003 5186 qui
1019 5131 1077 5168 nun
1095 5130 1127 5167 cx
1144 5113 1356 5168 irrationalibus
1371 5113 1553 5181 animalibus,
1564 5117 1613 5170 sed
1626 5133 1659 5171 ox
1673 5118 1761 5173 ratio-

957 5202 1069 5257 natibus
1096 5202 1281 5273 processistis,
1307 5218 1340 5255 ex
1367 5201 1534 5256 hominibus
1561 5204 1677 5273 seilicet,
1701 5223 1774 5266 non.

957 5295 1118 5346 creaturam
1135 5291 1185 5345 sed
1201 5289 1366 5346 Creatorem
1380 5290 1547 5346 colentibus.
1567 5294 1760 5365 Nulluseuim,

957 5380 1044 5434 etiam
1061 5379 1177 5451 gentilis
1193 5381 1235 5431 est
1250 5378 1309 5448 qui,
1324 5378 1423 5431 axillis
1438 5379 1485 5450 qui
1503 5380 1552 5434 llei
1568 5383 1698 5438 notitiam
1711 5386 1761 5440 lra-

958 5468 1091 5531 buerant,
1109 5469 1194 5537 langa
1213 5467 1273 5518 liert
1289 5467 1436 5537 ¹sarrguirris
1449 5468 1522 5521 serie
1540 5487 1597 5523 non
1622 5488 1765 5543 praenec-

958 5556 1079 5624 rit,utex
1087 5555 1233 5610 Abraham
1241 5555 1366 5624 multi,et
1376 5554 1434 5611 Noe
1446 5557 1762 5632 caterisquessdelibus.

1615 5675 1661 5728 ‘tx
