3772 5970
142 303 191 359 att
564 302 594 360 S.
610 302 783 361 andaonis
803 301 1119 363 caerflusuutoauu
1138 305 1371 362 lNSTll’UTOlllS
1746 305 1800 362 252

141 423 185 481 dit
198 425 365 482 memoriae:
383 425 532 491 «Quinem
543 427 579 483 sit
588 427 636 483 ille
646 427 1041 502 magninominisere-Asiae
1070 431 1281 487 Beverlacensis
1310 428 1475 498 canonicus,
1511 433 1610 486 sancto
1627 431 1801 502 parentavit,

141 514 223 582 mita,
236 530 323 585 quem
334 515 431 571 Bruno
445 516 580 572 adeundo
596 517 776 572 carthusiam
790 519 942 585 consuluit,
994 520 1161 575 hexametro
1177 520 1315 573 duntaxat
1330 520 1572 590 pentametroque
1587 522 1710 574 constat.

142 618 229 657 nemo
239 604 429 670 hactenus,ne
439 603 558 675 quidem
569 605 883 672 divinando,assecutus
891 610 943 661 est.
1028 608 1176 678 Drtpietas
1193 605 1297 662 Christi
1308 606 1366 673 titi,
1389 605 1495 669 Brimo,
1510 605 1582 678 quod
1596 609 1728 663 meruisti.

142 688 336 762 conjiciebam
353 692 490 763 aliqando
506 692 592 747 luisse
610 693 790 766 Stephanum
806 696 944 751 Tiernen·
1025 695 1126 751 Factus
1136 699 1165 750 ia
1176 696 1225 750 liae
1238 696 1293 749 uita
1305 695 1542 766 monachusprius,
1556 694 1619 749 dinc
1629 698 1747 750 eremita.

142 795 215 848 sem,
233 780 281 852 qui
300 782 363 835 tum
381 780 484 835 ldoreti
515 781 592 851 apud
621 782 786 838 Lemovices
811 784 945 839 nonsine
996 785 1264 853 Quartus,seu143
1291 784 1367 839 inter
1381 783 1572 847 recudendos,
1596 800 1684 856 quom
1703 786 1803 839 sancto

142 867 242 940 magni
258 867 385 922 nominis
414 869 493 923 lama
513 869 693 924 eremiticam
707 871 796 927 vitam
810 889 876 927 cum
889 873 947 927 suis
997 875 1152 930 Castrensis
1175 873 1204 929 S.
1220 873 1297 928 Petri
1317 872 1441 928 ecclesia
1452 871 1607 944 inscripsit,
1623 872 1701 928 hisce
1716 872 1805 944 potis-

141 957 255 1030 agebat.
263 958 299 1011 At
306 957 478 1029 quibusdam
495 960 693 1014 monumentis
706 961 879 1030 adducor,ut
889 979 947 1018 cre·
995 963 1102 1018 simum
1115 961 1260 1017 versiculis
1275 960 1456 1033 concipitur:

142 1045 304 1112 dam‚illum
315 1045 414 1118 magni
427 1045 874 1105 nominiseremitamnonalinm
886 1067 946 1106 esse
1033 1050 1126 1106 Gloria
1133 1051 1282 1121 justorum,
1297 1049 1393 1104 solatia
1408 1048 1464 1104 sota
1481 1065 1588 1105 reorum

141 1150 229 1208 quiam
245 1134 414 1201 Robertum,
427 1133 561 1189 abbatem
575 1135 798 1206 lllolismensem,
809 1139 904 1194 Exstat
917 1139 946 1193 in
1068 1140 1163 1195 Brauo
1177 1140 1234 1210 fait
1247 1141 1346 1207 vitreas,
1356 1156 1463 1211 parque
1476 1138 1552 1192 dator
1566 1141 1693 1194 moriens.

139 1220 214 1278 illius
228 1223 396 1277 monasterii
423 1223 564 1279 tabulario
587 1225 724 1280 llainardi
744 1227 780 1282 de
796 1228 896 1296 Barro,
919 1230 948 1282 et
1033 1229 1200 1284 Totiuscleri
1209 1228 1441 1299 decus,rxemplar
1456 1244 1560 1305 quaque
1575 1229 1632 1281 veri

138 1310 277 1366 iohannis
292 1311 328 1367 de
350 1312 472 1367 Laniaco
500 1314 610 1381 charta,
637 1331 695 1385 qua
719 1318 854 1371 «terram
871 1315 947 1387 apud
1067 1316 1427 1387 Morsdotorerrpait,dum
1439 1315 1527 1371 Pater
1543 1315 1676 1370 occubuit.

141 1418 157 1450 a
174 1398 473 1470 Siccam-Fauianam,
501 1401 600 1456 labore
629 1403 813 1458 hominum»
841 1404 946 1476 partim
1031 1406 1152 1478 Effectus
1174 1407 1318 1460 inonachus
1334 1407 1422 1480 prius,
1446 1405 1509 1461 binc
1521 1406 1682 1476 eremitaque
1706 1409 1804 1465 rectus,

139 1507 155 1538 a
167 1488 229 1559 jam
249 1487 478 1558 complanatam,
495 1507 510 1541 r
533 1490 670 1546 laudante
696 1492 826 1547 Valentio
841 1492 947 1547 comite
1069 1495 1167 1550 Gratia
1181 1494 1345 1550 summaDer'
1352 1496 1516 1566 propitietur
1529 1496 1562 1549 ei.

139 1575 276 1632 Bfsssseflssi
293 1579 321 1629 θῑ
344 1576 487 1644 barrensi,
510 1578 589 1649 cujus
613 1610 626 1631 ι
644 1580 699 1635 hoc
715 1583 914 1636 casamentum
932 1602 946 1630 v
997 1583 1118 1639 Sanctus
1133 1584 1242 1656 itaque,
1260 1585 1301 1638 uti
1326 1600 1359 1638 ex
1373 1583 1451 1638 hisce
1460 1583 1524 1655 jem
1540 1581 1667 1637 recitatis
1676 1578 1804 1635 tunebri-

139 1667 212 1733 erat,
226 1664 353 1720 ecclesia
368 1664 541 1720 Molismensi
556 1668 721 1724 conferunt.
995 1672 1048 1727 bus
1063 1673 1152 1727 titulis
1175 1674 1236 1744 ejus
1254 1675 1385 1743 apparet,
1411 1671 1587 1727 monachum
1603 1669 1682 1741 prius
1709 1667 1805 1722 induit

173 1755 236 1809 415.
256 1753 356 1809 «Cum
370 1770 437 1809 vero
451 1755 570 1810 ecclesia
589 1755 641 1810 loci
658 1758 743 1823 itlius,
758 1775 846 1829 quam
860 1758 947 1813 aedifl-
959 1748 985 1807 Β
995 1761 1122 1834 egitque,
1137 1777 1224 1834 quam
1239 1761 1328 1815 vitam
1343 1760 1521 1815 eremiticam
1541 1758 1629 1813 fuerit
1641 1758 1799 1828 amplexus.

138 1860 153 1892 s
169 1846 304 1897 caverant
319 1844 419 1897 Petrus
435 1844 463 1897 et
479 1842 657 1911 Lambertus,
675 1845 804 1917 discipuli
816 1847 946 1919 magistri
996 1848 1414 1921 itascilicet,quemadmodum
1424 1845 1799 1902 ilistoriaelittcrariaeFran·

137 1949 152 1980 u
166 1930 318 1998 Brunonis,
333 1931 459 2004 quicum
475 1947 508 1985 eo
530 1931 559 1985 in
576 1933 720 1988 territorio
746 1934 795 1989 illo
809 1938 901 2001 erant,
918 1938 947 1990 et
996 1940 1047 1995 cia
1062 1939 1216 2010 scriptores
1231 1942 1303 1993 tom.
1319 1938 1361 2004 lll,
1378 1953 1445 2010 pag.
1461 1939 1512 1992 237
1529 1936 1692 2001 observant,
1701 1933 1799 1988 titulo-

138 2039 154 2070 s
172 2018 319 2074 eremitice
331 2018 469 2086 vixerant,
484 2018 618 2076 adomno
631 2020 756 2077 lieberto
772 2022 946 2094 Lingonensi
995 2044 1062 2084 rum
1076 2028 1191 2083 illorum
1204 2030 1335 2082 auctores
1350 2025 1502 2097 designare
1515 2023 1660 2079 valuerint
1673 2026 1799 2094 tempus,

139 2128 154 2159 a
171 2107 305 2180 episcopo
318 2105 348 2160 in
367 2107 479 2161 honore
494 2107 586 2162 beatae
601 2125 717 2181 semper
728 2110 946 2182 virginisldariae
997 2120 1185 2189 quassamus,
1200 2113 1393 2186 antequamin
1404 2112 1560 2168 Carthasioe
1576 2127 1708 2167 eremum
1723 2125 1800 2164 sece-

140 2216 155 2246 s
171 2194 529 2266 dedicaretur,atriumque
546 2197 776 2267 benediceretur,
794 2201 948 2272 pradictus
997 2203 1089 2272 deret,
1118 2203 1303 2259 solitudinem
1317 2202 1498 2268 inhabitavit,
1513 2216 1574 2268 sau,
1598 2199 1677 2273 quod
1696 2197 1800 2255 eodem

141 2305 157 2335 s
173 2282 390 2339 comesetidem
404 2283 571 2355 Reynardus
580 2289 609 2339 et
619 2287 760 2343 Acelenus
772 2304 838 2343 cum
850 2290 948 2347 multis
995 2293 1107 2359 recidit,
1124 2292 1311 2347 solitudinem
1327 2308 1345 2346 a
1359 2289 1516 2345 Carthusice
1531 2304 1630 2344 eremo
1644 2289 1799 2351 diversam,

141 2394 157 2424 »
172 2373 235 2428 aliis
251 2377 408 2446 praesentes
417 2373 543 2429 suerunt.
558 2396 572 2423 »
596 2377 634 2429 Ex
650 2376 752 2448 quibus
765 2377 945 2451 intelligitur,
997 2384 1156 2454 antequam
1171 2380 1200 2435 in
1215 2380 1289 2434 hanc
1305 2396 1365 2435 sese
1376 2378 1506 2444 abderet,
1521 2379 1653 2432 sanctum
1667 2378 1801 2430 nostrum

139 2462 307 2518 Brunonem
328 2462 406 2534 apud
429 2463 725 2533 Siccam-Fontanam,
748 2467 795 2538 qui
812 2468 890 2522 locus
905 2471 948 2523 est
997 2469 1180 2536 inhabitasse,
1196 2469 1344 2540 vitamque
1359 2467 1388 2521 in
1403 2483 1439 2521 ea
1453 2464 1656 2520 monachicam
1677 2462 1801 2519 duxisse.

139 2549 754 2622 dioecesisbingonensis,inarchidiaconatu
769 2554 849 2609 Barri
862 2572 948 2626 super
1032 2558 1362 2629 417.1tararequantum
1377 2555 1414 2610 ad
1424 2553 1616 2609 substantiam
1627 2552 1677 2618 illi,
1696 2551 1803 2606 adden-

136 2639 250 2707 Albam,
266 2639 434 2711 aliquandiu
451 2639 598 2695 eremitice
606 2640 706 2697 vixisse
721 2658 787 2697 cum
802 2643 947 2713 predictis
996 2646 1137 2702 tesetiam
1147 2647 1253 2712 locum,
1269 2643 1365 2716 inquo
1382 2645 1507 2713 sanctus,
1522 2645 1680 2712 antequam
1693 2639 1723 2693 in
1733 2638 1801 2694 Car·

138 2730 224 2784 Petro
237 2732 266 2784 et
280 2729 436 2784 Lamberto
453 2728 542 2799 ipsius
557 2729 702 2800 discipulis
718 2734 747 2786 et
763 2730 798 2786 de
813 2731 946 2802 proximo
996 2735 1098 2791 thusiae
1110 2749 1240 2789 eremum
1249 2731 1405 2799 secederet,
1422 2729 1590 2802 aliquandiu
1599 2728 1654 2783 tuit
1664 2730 1800 2793 versatus,

137 2818 288 2873 consulere
303 2818 440 2888 potuissse
456 2817 626 2873 lietbertum
641 2818 853 2874 Molismensem
861 2819 947 2876 abba·
997 2822 1237 2879 Siccae-Fontanus
1251 2819 1436 2876 solitudinem
1460 2817 1608 2874 exstitisse.
1621 2817 1656 2871 lit
1669 2819 1801 2871 sanctum

140 2908 211 2974 tem,
223 2906 322 2978 magni
338 2909 400 2961 tum
416 2906 552 2973 nominis,
573 2906 622 2979 qui
644 2907 826 2963 eremiticam
838 2909 946 2979 passim
997 2928 1065 2966 sane
1077 2910 1337 2980 inhac,anthuam
1345 2904 1800 2976 Carthasiamadierit,aliquanto

136 2992 224 3050 vitam
237 2994 577 3066 agebatNultapraedicio
588 2994 947 3068 instrumentoapponitur
960 3035 983 3094 C
996 2999 1136 3072 temporis
1150 2996 1241 3068 spatio
1256 2995 1410 3062 habitasse,
1426 2994 1498 3050 mihi
1514 2996 1559 3048 sat
1574 2992 1746 3058 verosimile,
1763 3008 1799 3045 na

138 3082 281 3139 Chronica
294 3083 445 3151 nota3sed
461 3083 498 3138 ad
508 3084 673 3154 marginem
689 3084 844 3139 recentiori
858 3101 948 3139 manu
997 3087 1090 3143 dicam
1117 3089 1238 3151 certum,
1268 3083 1388 3150 faciunt,
1419 3099 1484 3155 quae
1505 3079 1696 3147 habitionius,
1713 3094 1800 3150 quem

137 3171 275 3244 ascriptus
303 3175 346 3228 est
372 3189 465 3226 annus
493 3174 569 3240 1081,
598 3173 646 3245 qui
670 3173 796 3245 tempori
822 3190 947 3228 secessus
996 3177 1084 3231 etiam
1100 3174 1129 3228 in
1144 3172 1276 3244 margine
1292 3172 1421 3238 laudant,
1438 3167 1800 3242 locosupracitatoinme-

137 3259 279 3315 Bmuon'is
294 3260 425 3332 apprime
447 3260 602 3316 convenire
624 3264 729 3332 potest.
756 3261 815 3316 Nec
840 3262 944 3327 obstat,
997 3264 1076 3320 dium
1098 3261 1223 3317 adducit.
1240 3260 1346 3316 Verum
1365 3275 1431 3314 cum
1453 3275 1487 3313 ex
1502 3259 1580 3313 hisce
1596 3256 1715 3323 ibidem,
1741 3271 1800 3310 non

139 3348 217 3421 quod
232 3347 385 3402 hotbertus
400 3347 675 3420 Lingonumpraesul
686 3351 714 3402 et
731 3348 792 3419 ipse
803 3349 946 3404 Brunonis
996 3350 1208 3416 monachicam,
1228 3347 1278 3404 sed
1296 3347 1478 3403 eremiticam
1497 3346 1637 3401 duntaxat
1649 3343 1738 3399 vitam
1753 3342 1804 3398 du·

138 3434 293 3507 discipulis,
303 3435 351 3507 qui
363 3436 599 3491 Siccae-Fontanae
618 3436 773 3491 eccsesiam
794 3436 945 3504 dedicavit,
995 3440 1189 3494 xissesanctus
1199 3436 1386 3507 intelligatur,
1399 3451 1456 3507 qua
1469 3435 1583 3490 ratione
1596 3431 1709 3487 veritati
1732 3447 1800 3485 con-

139 3527 392 3581 nonanteannum
409 3527 476 3580 1085
487 3525 788 3580 hancsedeminierit.
800 3526 872 3580 Nam
885 3527 946 3582 haec
996 3529 1105 3601 gruunt
1118 3526 1193 3582 tituli
1209 3524 1310 3580 diversi
1321 3524 1456 3578 funebres
1467 3521 1597 3594 proxime
1611 3518 1802 3591 recitati,qui·

138 3612 281 3669 dedicatio
297 3613 447 3685 aliquanto
471 3616 537 3685 post
551 3629 696 3669 recessum
713 3613 857 3669 Brunonis
870 3614 947 3670 lacta
996 3617 1049 3672 bus
1066 3618 1233 3671 Brunonem
1249 3612 1343 3684 primo
1361 3612 1548 3678 monachum,
1574 3625 1606 3664 ac
1622 3608 1727 3675 deinde
1742 3623 1802 3661 ere-

139 3702 192 3756 est.
208 3700 290 3756 Certe
316 3701 444 3757 Brunoni
464 3701 561 3757 Remis
584 3692 815 3772 Gratianopolim
828 3701 946 3758 adeunti
996 3705 1099 3760 mitam
1115 3703 1223 3758 factum
1240 3718 1300 3756 esse
1320 3699 1482 3755 docemur?
1497 3697 1625 3753 Difficilis
1650 3712 1721 3751 sane
1748 3695 1802 3750 im·

138 3789 945 3863 obviumeratMolismeusemonasteriumadeoquellot-
996 3794 1172 3867 plicatusque
1188 3790 1269 3845 valde
1279 3788 1325 3844 hic
1337 3788 1429 3843 nodus
1443 3787 1565 3842 videtur.
1580 3786 1686 3840 Verum
1698 3783 1798 3856 quidsi

136 3877 305 3951 hertnsejus
316 3879 415 3946 abbas,
428 3896 515 3952 quem
527 3878 888 3934 nullustumeremitarum
898 3882 947 3933 aut
996 3884 1110 3938 sanctus
1127 3897 1145 3935 a
1173 3878 1343 3933 monachico
1363 3875 1475 3942 habitu,
1491 3891 1579 3946 quem
1594 3890 1671 3940 mox,
1685 3888 1753 3927 cum
1767 3871 1798 3927 in

137 3969 361 4036 monachorum,
391 3968 428 4022 ad
443 3968 652 4039 perlectionem
682 3968 739 4023 illis
763 3967 793 4022 in
819 3968 947 4040 partibus
994 3968 1230 4026 Siccae-Fontanus
1243 3964 1430 4021 solitudinem
1454 3979 1516 4018 sese
1544 3961 1667 4029 abdidit,
1679 3960 1794 4015 indueri

138 4054 454 4122 contendentium,non
463 4058 607 4110 rectorem
622 4056 659 4110 ad
669 4054 945 4111 ducemhaberecu·
996 4058 1090 4130 primo
1110 4055 1228 4128 quidem
1251 4054 1419 4121 monachus,
1432 4051 1554 4108 ermnita
1573 4066 1640 4105 vero
1655 4052 1721 4121 post
1732 4065 1750 4104 a
1763 4048 1801 4103 vi·

137 4141 244 4214 piabat.
262 4164 277 4193 a
291 4145 334 4199 lta
348 4143 437 4199 illete
453 4142 542 4198 titulis
553 4146 651 4198 autem
665 4143 844 4212 funebribus,
862 4145 947 4217 equi·
995 4144 1080 4201 vendi
1095 4160 1210 4211 norma,
1227 4158 1315 4216 quam
1335 4143 1365 4196 et
1378 4144 1448 4195 tunc
1465 4139 1570 4195 deinde
1583 4139 1733 4208 amplexus
1752 4137 1799 4204 sit,

137 4230 201 4299 bus,
216 4235 349 4288 sanctum
375 4235 455 4287 recta
485 4232 514 4287 in
537 4231 729 4300 Carthasiam,
752 4249 819 4288 cum
835 4232 944 4289 mundo
995 4233 1086 4289 tactus
1100 4232 1186 4287 luisse
1196 4231 1225 4286 in
1241 4229 1367 4302 praelatis
1376 4229 1465 4284 titulis
1480 4226 1648 4283 funebribus
1657 4224 1798 4281 dicatur?

136 4319 280 4389 valedixit,
297 4321 521 4389 nonsecessisse,
538 4320 681 4388 existimo,
696 4320 808 4392 primus
823 4321 853 4377 S.
870 4320 947 4376 Petri
957 4321 984 4380 D
996 4321 1072 4387 Quid
1089 4320 1113 4377 si
1126 4321 1213 4376 etiam
1229 4319 1258 4374 id
1270 4317 1412 4390 fiat,quod
1433 4316 1463 4371 in
1485 4314 1657 4371 Molismensi
1667 4314 1795 4380 abbatia,

136 4406 293 4466 trecorum
312 4415 365 4479 est,
381 4411 537 4484 locumque
566 4409 642 4466 inter
653 4410 781 4467 edendos
793 4412 827 4467 47
843 4415 946 4469 tenens
996 4404 1496 4467 Sicca-Fontanaesolitudinivicina,
1507 4402 1794 4476 reipsamonachum,

137 4494 177 4552 sic
194 4497 284 4554 hebet
300 4516 306 4555 :
996 4497 1165 4555 monachico
1176 4496 1265 4552 etiam
1274 4494 1375 4550 habitu
1385 4491 1681 4564 assumpto,egerit,ac
1692 4489 1798 4545 deinde

174 4583 211 4642 Ut
226 4587 333 4644 Titulus
347 4588 421 4656 dicit,
439 4587 534 4644 mundi
550 4590 702 4643 tentamina
714 4589 779 4643 vicit
995 4581 1513 4648 tuminstare-Fontanasolitudine,
1526 4584 1589 4635 tum
1598 4580 1628 4634 in
1637 4578 1794 4635 carthusiae

212 4675 308 4732 Bruao
319 4679 361 4732 vir
374 4680 478 4750 sapiens
487 4677 564 4750 jussa
575 4676 629 4732 Dei
641 4677 757 4747 sacient.
996 4675 1192 4747 Calabriaeque
1208 4672 1314 4728 eremis
1333 4670 1397 4726 vitre
1410 4669 1564 4726 eremiticas
1578 4684 1641 4723 seca
1664 4666 1800 4722 dederit?

171 4768 279 4843 Spreuit
293 4783 353 4839 opes
368 4766 478 4829 multus,
490 4765 543 4821 sibi
554 4781 604 4820 noe
615 4765 672 4835 suit
682 4765 738 4819 ulla
751 4764 891 4835 facultasr
996 4763 1071 4820 Sane
1092 4767 1125 4818 ut
1146 4764 1326 4835 postremum
1347 4759 1402 4815 hoc
1422 4757 1669 4813 verosimillimum
1684 4757 1796 4826 putem,

205 4857 260 4914 Sed
272 4854 404 4931 quidquid
408 4856 511 4927 potuit,
526 4853 660 4924 [ratribus
670 4853 799 4909 retribuit.
995 4853 1093 4910 aciunt
1118 4855 1181 4907 tum
1196 4849 1265 4906 dicti
1283 4848 1358 4903 tituli
1372 4848 1519 4914 funebres,
1545 4849 1608 4900 tum
1629 4846 1731 4900 votum
1754 4842 1798 4898 in-

171 4945 258 5018 Fuqit
272 4945 306 5001 ud
320 4945 370 5000 liae
382 4945 449 5006 vita,
462 4942 607 4998 aranachae
619 4942 651 5012 fit
660 4948 685 4995 et
700 4942 761 4996 binc
771 4945 890 4999 eremita.
995 4937 1463 5005 duendimonachum,asanctoex
1473 4931 1775 4990 dictisantecmissum
1794 4947 1802 5000 ;

207 5035 283 5090 Dum
293 5033 479 5100 ecaterinae,
494 5048 578 5102 rapae
586 5030 647 5103 poli
656 5032 764 5098 nuruit,
780 5032 835 5086 etc.
995 5033 1027 5084 ut
1037 5031 1135 5084 autem
1146 5029 1318 5082 alterutrum
1326 5026 1480 5090 astruatur,
1496 5019 1710 5078 suadereetiam
1721 5018 1799 5075 vide-

172 5123 236 5180 tie.
252 5122 412 5190 Secundus,
434 5120 483 5194 qui
498 5119 672 5177 monialium
686 5117 773 5173 Tituli
787 5117 815 5173 S.
827 5119 946 5175 loaunis
995 5119 1053 5185 tur,
1062 5132 1119 5190 quo
1131 5118 1230 5171 sancto
1241 5114 1277 5169 ab
1293 5112 1424 5168 Ecclesia
1437 5129 1487 5168 seu
1502 5110 1625 5167 abbatiae
1633 5109 1796 5166 idolismen·

138 5211 272 5284 Baptista
283 5214 336 5278 est,
345 5211 466 5282 locoque
474 5211 508 5266 68
516 5207 680 5275 recudetur,
693 5206 872 5264 binoshosce
887 5225 947 5266 una
996 5204 1035 5261 sis
1053 5221 1103 5260 seu
1131 5201 1325 5259 tdolerniensis
1355 5200 1504 5256 monachis
1524 5200 1710 5272 parentatum
1731 5197 1798 5264 tuit,

138 5315 204 5356 cum
220 5299 282 5356 aliis
296 5297 444 5353 nonnullis
468 5296 670 5370 complectitur
680 5294 855 5351 versiculos:
996 5291 1125 5349 funebris
1139 5291 1246 5360 titulus,
1262 5291 1338 5346 inter
1365 5288 1545 5345 recudendos
1561 5289 1606 5343 tt).
1623 5287 1681 5342 Hoc
1705 5285 1800 5348 enim,

178 5387 253 5442 Vicit
267 5383 355 5439 adare
369 5382 477 5451 Bruao,
492 5385 546 5441 sibi
558 5384 678 5441 traditur
692 5401 709 5437 a
723 5380 810 5438 Putre
823 5385 892 5439 vita.
996 5380 1225 5436 miliarissimum
1251 5379 1304 5434 sibi
1325 5377 1412 5434 tuisse
1431 5377 1460 5433 S.
1475 5379 1667 5443 Brunonem,¹
1685 5372 1799 5430 laudati

174 5470 294 5530 (iterim
307 5474 362 5544 ipse
373 5472 440 5544 suit,
453 5472 487 5541 fit
498 5471 722 5537 maumamtiuc
736 5471 857 5527 eremita.
995 5469 1133 5526 monachi
1140 5467 1278 5541 produnt.
1290 5489 1301 5520 ι
1315 5463 1730 5540 Nostrisiuquiunt,versiculis,
1748 5460 1800 5536 qui

100 5558 102 5563 ’
138 5554 545 5630 remunerandorum
560 5561 622 5630 itt,
631 5577 689 5635 quo
695 5559 839 5619 tuarum.
854 5558 948 5617 Eccle-
995 5555 1336 5616 habitamuslolernium
1342 5549 1802 5628 addentesvohis,quiestisl'urri,
