3772 5976
73 263 124 315 201

848 254 942 312 sola

1683 256 1736 314 202

68 383 326 439 contemnendum
340 382 450 452 indico,
462 381 512 438 sed
531 398 591 437 non
606 397 680 436 caece
690 380 881 452 sequendum.
892 380 1040 444 Asileutio
1057 401 1073 438 a
1089 400 1137 438 me
1148 382 1329 455 praeteritum
1352 381 1415 454 quis
1430 383 1578 453 queratur,
1595 398 1630 436 ex
1646 394 1737 453 opere

72 473 157 529 Unde
172 472 221 527 ille
240 489 291 526 sua
312 473 450 540 hauserit,
472 473 639 544 quantaque
654 470 712 524 lide
727 469 882 541 scripserit,

71 561 253 631 indicetipse
269 559 299 614 in
315 561 436 633 prologo
446 557 572 615 secundo
586 559 632 613 bis
645 557 739 613 verbis
756 575 791 613 t«
806 560 884 614 Pre-

73 671 88 699 »
99 665 168 704 sens
181 648 358 719 Opusculum
368 664 401 702 ex
412 646 708 702 multisvoluminibus
715 646 884 718 scriptisque

73 761 88 785 o
101 736 277 792 authenticis
291 738 374 806 grato
390 736 489 790 labore
504 733 684 806 collegimus,
693 733 836 789 sumendo
849 733 884 789 de

74 848 88 873 n
104 824 246 896 quolibet,
260 823 338 895 quod
350 823 387 877 ad
400 822 581 894 propositum
593 821 821 893 spectarevisum
829 824 883 888 est,
895 875 897 878 .

73 934 89 960 a
104 912 178 967 nihil
194 910 361 975 inserendo,
378 911 456 981 quod
464 926 522 964 non
530 909 701 964 authenticis
711 909 823 981 scriptis
837 923 886 979 ap-

73 1020 90 1052 »
102 1001 253 1072 probatur.
272 1022 285 1047 a
301 998 410 1053 Deinde
425 999 556 1069 explicat,
571 998 640 1070 quid
654 1014 706 1069 por
719 998 826 1069 scripta
837 1014 886 1052 au·

75 1089 206 1143 theutica
215 1087 356 1158 designet,
367 1088 473 1141 multas
480 1086 611 1141 videlicet
621 1086 698 1140 Vitas
707 1090 883 1152 sanctorum,

75 1176 221 1232 Chronica
238 1177 309 1230 item
331 1192 389 1229 non
411 1191 514 1247 pauca,
539 1175 734 1246 antiquitates:
747 1175 884 1239 Annales,

76 1265 219 1320 Historias
233 1267 262 1318 et
276 1263 391 1318 archiva
406 1266 467 1317 tam
482 1262 608 1317 ecclesiae
625 1262 784 1328 Silhiensis,
797 1278 885 1333 quam

75 1354 203 1408 aliorum
226 1351 472 1406 monasteriorum
495 1351 584 1421 ltelgii
601 1354 630 1405 et
645 1351 782 1414 Francia,
798 1350 886 1405 libros

75 1442 151 1496 alios
163 1441 325 1505 historicos,
342 1457 374 1494 ac
388 1441 509 1494 demum
525 1440 638 1494 chartas
657 1439 883 1510 privilegiorum.

114 1533 179 1584 338.
198 1552 211 1579 «
228 1529 266 1582 Er
277 1527 354 1582 hisce
370 1528 506 1582 omnibus
517 1528 750 1582 monuinentisse
765 1525 885 1583 Chroni-

74 1634 133 1672 eon
150 1632 233 1671 snum
247 1616 433 1678 concinnasse
450 1615 566 1670 asserit:
585 1637 598 1666 «
612 1617 649 1669 Ex
664 1615 710 1670 dic
726 1619 755 1669 et
770 1615 886 1670 consule

933 471 994 538 illo,
1008 471 1087 543 quod
1099 471 1231 525 omnium
1243 471 1349 543 passim
1362 470 1495 524 manibus
1504 484 1563 522 sion
1573 470 1738 536 teritur,to·

933 563 996 613 tum
1006 559 1060 613 buc
1073 562 1216 630 spectans,
1227 561 1291 614 utut
1303 560 1447 630 prolixum
1459 574 1491 611 ac
1504 572 1606 627 parum
1619 564 1737 629 urgens,
1782 580 1784 589 >

933 647 1054 702 llassoni
1071 647 1267 701 rattiocinium
1285 646 1456 700 transcribo.
1477 644 1558 699 Hisce
1582 662 1663 699 num.
1681 648 1740 700 Oet

935 753 995 808 seq,
1007 736 1117 790 ibidem
1134 735 1234 807 positis
1248 735 1343 790 verbis
1357 734 1521 805 concipitur
1535 750 1542 788 :
1559 756 1573 784 α
1590 735 1739 789 Falluntar

934 824 983 896 qui
998 827 1102 894 putant
1118 840 1169 895 per
1190 824 1395 878 abstinentiam
1411 840 1428 877 a
1442 822 1586 888 carnibus,
1602 822 1692 876 etiam
1704 821 1737 876 in

935 913 1053 981 morbis,
1070 915 1100 967 et
1114 912 1184 967 alias
1194 912 1375 967 austeritates
1388 911 1477 965 vitam
1494 911 1741 966 Carthasiensium

935 1002 1106 1069 abbreviari3
1116 1019 1184 1056 nam
1195 1001 1393 1072 experimento
1409 1001 1549 1068 videmus,
1559 1002 1654 1071 plures
1663 999 1739 1073 apud

936 1108 1094 1162 nosusque
1122 1091 1158 1145 ad
1188 1091 1365 1162 decrepitam
1393 1092 1572 1144 senectutem
1587 1090 1693 1157 rivere,
1709 1090 1740 1145 et

936 1181 1164 1253 octogenarium,
1179 1180 1240 1234 imo
1255 1179 1410 1250 aliqnando
1431 1179 1492 1233 lere
1508 1178 1739 1250 nonagenarium

936 1287 1045 1325 annum
1055 1267 1347 1340 attingere.Videmus
1357 1283 1426 1338 ergo
1438 1284 1497 1321 non
1505 1284 1571 1322 raro
1581 1268 1739 1322 monachos

935 1357 1083 1428 sexaginta
1098 1359 1127 1411 et
1142 1355 1266 1427 amplius
1282 1372 1373 1410 annos
1382 1354 1481 1409 vixisse
1496 1355 1524 1409 in
1534 1354 1739 1422 ordine,etiam

935 1447 989 1500 hoc
1002 1445 1116 1511 saeculo,
1126 1443 1241 1514 quando
1251 1442 1463 1513 longitudinem
1474 1442 1538 1496 vitre
1552 1443 1739 1498 liumanaedi·

936 1529 1740 1600 minutamesseomnessateutur,sicnmpraecedentibns

936 1621 1046 1675 saeculis
1068 1622 1263 1688 comparetur.
1279 1618 1334 1672 Pro
1358 1619 1491 1688 exemplo
1507 1618 1590 1673 nobis
1605 1619 1641 1672 sit
1656 1617 1741 1688 hujus

78 1731 93 1754 »ι
112 1711 248 1777 tempora
263 1705 443 1776 temporibus
456 1708 485 1758 et
500 1722 534 1759 ex
545 1704 637 1759 causis
650 1704 680 1758 in
696 1721 730 1759 eo
744 1703 887 1759 contentis
898 1697 924 1756 B
936 1709 1071 1764 firmioris
1084 1706 1213 1761 sanitatis
1223 1708 1328 1759 sanetae
1346 1705 1494 1759 raemoriae
1503 1705 1678 1761 reverendus
1690 1707 1741 1761 Pa·

77 1816 94 1842 »
112 1793 361 1864 negotianegotiis
369 1792 584 1847 concordando.
597 1813 610 1840 »
627 1793 689 1847 Non
703 1791 886 1864 dubito,quin
937 1800 982 1852 ter
998 1796 1124 1850 domnus
1145 1793 1271 1848 loannes
1287 1794 1382 1862 Pogon
1414 1793 1607 1863 praedecessor
1631 1797 1740 1859 noster,

78 1880 110 1936 id
127 1885 158 1936 et
174 1881 330 1952 diligenter
344 1883 373 1934 et
388 1882 465 1935 bona
479 1881 535 1935 side
549 1881 716 1951 praestiterit
729 1881 770 1934 vir
784 1880 847 1951 pius
858 1882 888 1933 et
939 1885 989 1957 qui
1004 1885 1079 1938 ultra
1101 1881 1250 1952 sexaginta
1269 1897 1317 1934 sex
1331 1896 1424 1933 asinos
1437 1879 1505 1932 vixit
1527 1880 1556 1933 iu
1578 1880 1690 1948 ordine,
1706 1882 1741 1936 85

76 1970 202 2037 doctus3
224 1969 334 2023 alsine
356 1970 502 2023 erroribus
525 1969 635 2024 sactum
659 1985 717 2023 non
740 1969 888 2036 essetnec
939 1989 1030 2028 annos
1044 1970 1137 2025 aetatis
1157 1970 1267 2024 habens
1279 1966 1360 2033 obiit,
1383 1971 1412 2020 et
1432 1969 1514 2021 tanto
1536 1967 1626 2022 animi
1643 1969 1743 2040 vigore

77 2058 186 2111 elarius
200 2060 252 2110 est.
269 2059 303 2111 Et
315 2074 385 2112 sane
401 2058 460 2112 tale
475 2074 547 2129 opus
560 2059 609 2113 illo
624 2061 738 2124 saeculo,
756 2057 890 2130 quovirit
939 2060 1073 2132 pollebat,
1087 2061 1117 2112 ut
1134 2057 1224 2128 pridie
1235 2072 1322 2127 quam
1338 2057 1511 2121 moreretur,
1523 2056 1616 2110 adhuc
1630 2057 1742 2111 calamo

80 2146 202 2216 lperius,
220 2146 526 2202 sinevariiserroribus
541 2148 735 2212 conscribere,
753 2149 889 2201 humanae
938 2153 1069 2204 uteretur
1081 2146 1117 2201 ad
1133 2144 1336 2216 dispositiones
1349 2143 1530 2197 traiciendasin
1551 2143 1668 2198 Ordine.
1681 2142 1745 2198 Sint

80 2251 142 2288 non
158 2238 221 2288 erat
233 2233 395 2296 silcestriae,
415 2238 479 2288 tum
490 2235 568 2306 quod
580 2238 772 2290 monumenta
787 2236 888 2301 multa,
940 2238 1028 2293 etiam
1044 2251 1096 2306 pro
1112 2234 1245 2305 exemplo
1261 2232 1324 2286 duae
1335 2231 1559 2301 mortalesque
1571 2230 1743 2285 nostrisdie·

81 2322 188 2393 quibus
204 2323 346 2376 utendum
368 2326 442 2388 erat,
461 2323 541 2377 omni
554 2325 687 2377 carerent
702 2340 811 2388 errore,
828 2326 890 2377 tum
941 2327 994 2381 bus
1009 2325 1086 2380 diem
1102 2324 1266 2377 clauserunt
1282 2322 1465 2372 extremum:
1487 2334 1610 2388 quarum
1633 2335 1691 2372 una
1710 2320 1745 2374 70

81 2410 162 2482 quod
194 2411 272 2464 varia
293 2427 346 2481 per
375 2411 559 2480 conjecturas
592 2414 676 2465 erant
702 2411 890 2466 concilianda.
942 2429 1034 2468 annos
1048 2412 1156 2465 vixerat
1177 2409 1207 2463 in
1233 2407 1350 2471 Ordine,
1368 2408 1458 2460 altera
1471 2409 1515 2459 72.
1527 2406 1625 2459 Plures
1638 2403 1746 2460 similes

80 2497 147 2552 tlaec
162 2501 260 2551 aulem
276 2497 427 2552 conciliato
444 2501 525 2552 tanto
542 2499 767 2566 eratdilllcilior,
784 2501 892 2570 quantu
942 2503 972 2557 in
998 2501 1137 2572 promptu
1160 2499 1234 2551 esset
1253 2495 1297 2549 hic
1318 2495 1439 2560 rolerae,
1464 2493 1512 2564 qui
1527 2496 1626 2548 nostro
1642 2494 1745 2548 saeculo

82 2586 181 2639 minus
192 2585 229 2639 ad
237 2585 444 2655 perfectionem
453 2585 626 2640 hodiernam
637 2588 793 2642 accedebat
805 2587 894 2641 scien·
943 2590 1087 2654 obierunt,

80 2673 123 2726 tia
135 2672 342 2743 chronologica
366 2676 396 2727 et
416 2672 548 2727 critica.»
574 2674 717 2728 llactenus
744 2674 895 2745 Stiltingus
980 2680 1042 2732 338.
1060 2678 1119 2729 «ht
1131 2675 1153 2728 si
1166 2673 1202 2728 ad
1214 2671 1360 2744 praeterita
1375 2668 1746 2740 saecularetrogrediamur,

81 2764 193 2826 noster,
211 2761 270 2831 qui,
287 2777 351 2832 quse
368 2760 413 2814 hic
429 2760 464 2814 de
482 2761 566 2831 lperii
588 2762 735 2816 Chronico
754 2762 894 2835 affirmat,
946 2765 1124 2837 reperiemus
1146 2777 1293 2833 personas,
1317 2774 1380 2829 quar
1411 2760 1444 2812 80
1463 2760 1493 2811 et
1512 2757 1636 2826 amplius
1654 2772 1747 2811 anuos

80 2850 146 2902 loco
168 2847 273 2902 deinde
297 2864 356 2902 non
377 2863 434 2901 uno
454 2847 484 2901 in
508 2849 726 2904 Commentario
748 2849 784 2904 ad
805 2850 894 2903 vitam
944 2855 1085 2917 vixerunt,
1099 2851 1160 2904 imo
1172 2863 1326 2918 unamprae
1340 2844 1532 2915 caeterisquae
1544 2845 1618 2897 ultra
1629 2847 1747 2899 centnm

79 2935 111 2990 S.
121 2934 231 2990 Bertini
239 2935 344 3004 praevio
356 2934 616 3005 validissimeJ'nxta
623 2952 656 2990 ac
667 2935 892 2990 luculentissime
945 2958 1038 2996 annos
1051 2938 1118 2993 vixit
1133 2938 1162 2991 in
1179 2936 1296 2990 Ordine.
1312 2934 1447 2988 occurret
1461 2932 1544 2987 nobis
1555 2932 1587 2985 Η,
1605 2931 1744 2986 planca.

80 3022 199 3094 probat,
221 3022 261 3076 ΠΗ
290 3021 403 3093 cuique·
427 3022 504 3076 hunc
532 3023 688 3089 OVOlvesslh
706 3023 892 3078 manifestum
944 3020 1420 3099 linus,qui58annispraelnittoti
1441 3019 1747 3090 Ordiui.Supputatio-

78 3111 195 3166 evadet·
211 3111 274 3164 lam
296 3127 374 3165 lew·
392 3127 458 3164 cum
481 3111 601 3181 lperius,
626 3115 659 3166 lli
674 3111 731 3165 alia
743 3112 891 3177 omittam,
944 3135 980 3173 ne
991 3122 1089 3172 autem
1104 3115 1179 3168 lacta
1192 3114 1220 3166 ct
1232 3109 1356 3180 longiori
1366 3106 1576 3161 aetateredncta
1586 3106 1623 3159 ad
1637 3109 1671 3161 70
1683 3110 1748 3160 tan·

81 3215 141 3254 uon
158 3198 389 3254 solametribus
405 3199 601 3268 scriptoribus.
644 3199 893 3254 ullarteneome·
945 3212 1006 3262 tum
1021 3221 1113 3259 annos
1124 3202 1154 3256 in
1168 3200 1269 3255 ordine
1283 3200 1407 3260 exactos,
1422 3211 1510 3265 quam
1525 3197 1641 3248 estatem
1650 3194 1747 3264 plures

82 3287 216 3342 “wratis-
246 3287 385 3357 F⁰lq¹11¹10
408 3287 550 3341 ssifflifflm
574 3286 716 3342 Sithlessssi
739 3287 893 3352 ¹¹1011²1⁰l¹⁰s
945 3295 1071 3366 attigisse
1092 3291 1121 3344 in
1137 3288 1255 3358 singulis
1272 3284 1465 3347 sanctisimo
1481 3283 1567 3352 longe
1584 3298 1744 3351 superasse,

80 3375 205 3429 Sifflfflie
218 3373 331 3440 abbate,
353 3374 597 3429 020011O¹¹¹¹³i⁰f0
614 3391 777 3446 ³1¹⁰¹¹t⁷11102
793 3389 894 3429 Verum
945 3387 1056 3440 certum
1067 3383 1120 3439 est,
1138 3370 1652 3447 reperiemus,senemillum,quilroc
1663 3387 1749 3425 saecu·

82 3463 176 3516 Oltam
198 3477 214 3515 θ
236 3462 335 3515 mustis
351 3461 423 3528 aliis,
449 3478 466 3516 ἃ
487 3461 625 3533 ὃῑῑῙῑῙῐῐὲὓ
645 3478 712 3517 ⁰¹⁰¹
733 3461 893 3532 assignati-‘b
947 3476 973 3529 lo
988 3474 1023 3527 70
1039 3469 1123 3523 nitriis
1138 3466 1206 3520 vixit
1221 3464 1250 3517 in
1265 3462 1382 3526 Ordine,
1398 3458 1522 3529 potuisse
1537 3458 1633 3512 videre
1646 3459 1676 3512 et
1690 3457 1747 3512 dis-

85 3553 219 3604 nffl'fflias
233 3548 264 3603 5¹1
279 3549 422 3604 Chs⁰¹¹i⁰⁰
438 3550 701 3615 ⁸1¹01'05h31180rii,
720 3553 896 3614 ⁰0¹1⁰³h⁰¹11
947 3576 1012 3614 cere
1027 3559 1062 3612 ab
1072 3552 1266 3625 aliocjusdem
1283 3549 1376 3603 aetatis
1396 3564 1474 3612 sene,
1491 3563 1554 3618 quse
1567 3546 1698 3600 audierat
1714 3546 1750 3601 ab

86 3637 299 3708 Pf⁰digi⁰³³1¹¹s
325 3653 415 3708 (luam
437 3641 548 3703 narrat,
580 3637 707 3692 d⁰⁰i0ri⁸
732 3636 898 3691 parisiensis
947 3647 1003 3703 alio
1018 3661 1096 3711 sene,
1113 3642 1161 3714 qui
1179 3644 1341 3712 postremus
1354 3652 1441 3690 senex
1456 3635 1544 3688 etiam
1557 3635 1592 3688 ab
1608 3633 1663 3687 alio
1679 3631 1751 3687 didi·

88 3726 249 3780 anastasim
263 3743 278 3780 e
295 3725 433 3793 Simonis,
451 3726 603 3780 Sithiensis
618 3726 739 3793 abbatis,
754 3725 898 3780 chronicis
947 3739 1026 3788 cerat
1039 3737 1068 3786 et
1082 3730 1213 3785 audierat
1228 3725 1393 3789 historiam,
1419 3722 1454 3776 dc
1474 3720 1650 3791 quaereitur,
1667 3724 1696 3774 et
1711 3720 1751 3774 sic

89 3815 298 3885 dssPf⁰¹¹¹Pi³¹¹¹
321 3814 519 3881 θῐῑὸῑῑῐῐῐθῐῑῑῑὸ,
542 3814 657 3886 tutique
679 3815 811 3886 PsOissdei
832 3830 896 3886 (luae
947 3821 1064 3877 traditio
1080 3820 1196 3874 illorum
1218 3817 1341 3885 quatuor
1358 3825 1460 3865 senum
1473 3809 1534 3861 sere
1549 3807 1585 3862 ad
1603 3810 1749 3862 trecentos

89 3903 349 3973 ali⁰<l¹151¹f21¹¹¹0³f¹3
364 3903 440 3958 (100³
452 3903 612 3958 Πᾶΐΐᾶῐῑῡῦἰ
625 3904 897 3959 accederelsumffla
947 3926 1039 3965 annos
1050 3904 1231 3969 exteiiditnr3
1247 3916 1335 3972 quani
1353 3897 1540 3951 traditionem
1555 3911 1612 3949 ase
1626 3895 1750 3950 invicem

89 3991 175 4046 fides·
194 3992 254 4046 ¹11¹0
267 4007 346 4056 lew,
360 4007 483 4046 cumres
496 3992 537 4046 iifl
550 3992 667 4060 habeat,
677 4009 713 4046 ¹10
727 3992 846 4063 quidem
863 4008 897 4046 0¹
948 3999 1038 4057 facile,
1047 3995 1175 4064 accipere
1191 3989 1326 4063 poluisse,
1343 3985 1526 4058 perspicuum
1543 3986 1595 4049 est,
1612 4000 1679 4037 cum
1692 3985 1752 4038 tres

90 4077 179 4149 lperii
189 4079 330 4134 Chronico
342 4079 501 4134 Parisiense
507 4080 674 4151 prodigium
683 4080 844 4134 verosimile
855 4083 898 4134 ut·
948 4105 982 4142 er
997 4084 1051 4140 illis
1071 4100 1100 4137 se
1124 4081 1221 4136 videre
1239 4080 1268 4131 et
1283 4066 1384 4130 mutuo
1400 4072 1517 4143 alloqui,
1536 4072 1615 4125 iiulla
1631 4070 1656 4124 vi
1672 4070 1753 4125 illata

90 4182 219 4236 cumque
234 4165 366 4233 eflicitur,
383 4166 425 4221 uti
440 4183 474 4222 ex
485 4168 550 4238 jam
568 4184 655 4239 supra
668 4167 751 4222 dictis
770 4183 897 4240 pronum
949 4171 1215 4229 commnninnturre
1228 4161 1515 4234 cursui,potuerint,;
1533 4157 1751 4214 nihilenimob·

90 4257 257 4309 emmere-
910 4268 937 4328 D
950 4264 1015 4327 stat,
1029 4259 1098 4331 quin
1116 4255 1210 4311 ultimi
1220 4250 1380 4324 primordia
1393 4247 1557 4319 cumlprimi
1571 4245 1754 4300 extremitate

93 4376 176 4446 §xlc
204 4376 252 4431 An
268 4377 435 4447 prodiqium,
464 4396 516 4451 quo
539 4379 641 4439 doctor.
655 4398 707 4433 sese
727 4380 897 4443 (torosulum,

126 4446 234 4518 publice
251 4448 417 4503 uitstuntr'bus
437 4448 614 4512 denuntiarit,
624 4459 724 4505 certum
739 4458 787 4503 uid
805 4451 898 4506 saltem

130 4518 288 4581 verosimile,
297 4525 385 4574 stante
397 4520 544 4575 rinioosuti
563 4524 724 4592 sorabtorum
740 4529 803 4575 unte
817 4522 899 4578 decto-

132 4606 194 4643 rum
207 4588 321 4653 silentio,
337 4590 444 4645 reddere
458 4594 539 4646 etium
549 4608 603 4647 non
610 4596 695 4663 possit
707 4593 827 4647 traditio.

134 4711 318 4766 innocentius
344 4713 371 4765 le
399 4713 521 4780 nasson,
546 4729 580 4768 ex
604 4714 773 4769 recensione
791 4715 903 4771 ldorotii

96 4799 180 4872 prior
193 4799 306 4869 ldajoris
318 4799 475 4855 Carthasiae
490 4802 535 4868 49,
547 4801 683 4872 inopere,
698 4807 902 4870 asecontecto,

96 4885 178 4959 quod
204 4887 330 4941 Annales
360 4886 475 4942 Ordinis
508 4889 718 4945 carthusiensis
750 4891 903 4961 inscripsit,

96 4989 235 5045 annoque
265 4974 333 5029 {687
362 4974 438 5045 lypis
466 4975 645 5031 Correriauis
668 4978 802 5048 vulgavit,
819 4978 869 5033 lib.
883 4995 903 5045 1,

99 5078 167 5133 cap.
186 5062 251 5117 tde
272 5062 450 5135 prodigiosa,
477 5081 534 5136 qua
555 5064 584 5120 S.
610 5067 706 5121 bruno
728 5066 757 5119 in
773 5083 905 5121 eremum

97 5151 199 5222 pulsus
211 5150 308 5216 luerit,
324 5150 450 5206 doctoris
462 5152 586 5207 anastasi
610 5154 703 5207 multu
718 5152 839 5221 disserit,
854 5153 907 5208 sui-

97 5253 157 5309 que
176 5237 276 5303 etiam,
293 5253 350 5309 quo
367 5239 440 5293 hanc
456 5254 524 5294 rere
545 5239 701 5311 contigisse
716 5241 820 5310 probet
832 5241 906 5295 cele-

99 5324 223 5380 berrimi
238 5325 349 5380 ordinis
358 5326 546 5382 traditionem
556 5327 682 5383 adducit.
698 5329 738 5383 Ne
747 5328 907 5401 quidquod

98 5412 909 5484 adhorribilemillamhistoriamprobandamautsaltem

100 5501 292 5557 verisimilem
301 5501 920 5577 reddendamconducereutcumqnepossit,

248 5590 367 5646 Psmor..
383 5590 461 5646 ctu,

950 4346 1161 4412 concurrerint,
1188 4346 1219 4397 et
1248 4339 1416 4404 monachus
1441 4335 1614 4406 vigesimum
1641 4349 1753 4388 annum

951 4455 1049 4510 agens,
1067 4431 1298 4503 nonagenarium
1312 4427 1416 4482 viderit
1427 4429 1456 4479 et
1470 4423 1602 4478 audierit.
1610 4422 1755 4477 Habemus

952 4528 990 4584 ad
1002 4540 1123 4580 manum
1143 4521 1240 4576 icones
1261 4519 1290 4571 in
1313 4516 1406 4587 capite
1424 4517 1555 4568 veterum
1580 4512 1755 4564 statutorum

953 4615 1094 4690 praefixas,
1112 4627 1176 4682 quse
1191 4626 1208 4662 a
1223 4609 1339 4661 centum
1366 4607 1395 4657 et
1411 4601 1560 4671 octoginta
1574 4598 1657 4653 aunis
1680 4596 1756 4680 typis

954 4719 1063 4759 excusae
1076 4704 1151 4764 sunt,
1161 4698 1190 4751 in
1201 4695 1305 4767 quibus
1316 4692 1426 4746 videtur
1439 4689 1558 4743 historia
1571 4687 1618 4741 illa
1631 4686 1754 4757 depicta,

954 4791 1054 4849 addita
1068 4785 1234 4842 narratione
1251 4797 1338 4853 qnam
1364 4795 1450 4848 supra
1467 4773 1673 4830 retulimus..Si
1686 4788 1756 4845 ergo

955 4878 1163 4936 constituamus
1178 4872 1262 4927 nobis
1277 4885 1330 4940 pro
1345 4867 1455 4938 epocha
1469 4868 1585 4935 tempus
1600 4860 1670 4915 illud
1700 4876 1758 4931 quo

955 4971 1053 5024 icones
1065 4965 1119 5018 illa·
1135 4961 1211 5032 typis
1232 4973 1340 5012 excusae
1361 4957 1437 5020 sunt,
1451 4956 1480 5006 et
1489 4950 1654 5022 praecedere
1668 4946 1757 5002 lacia-

956 5074 1021 5113 mus
1034 5055 1157 5125 quatuor
1180 5048 1243 5103 illos
1265 5045 1403 5109 seniores,
1419 5040 1608 5111 reperiemus,
1625 5036 1689 5090 illos
1703 5051 1756 5107 po·

957 5145 1043 5201 tuisse
1059 5141 1168 5195 discere
1182 5136 1218 5191 ab
1233 5135 1287 5200 his,
1302 5132 1351 5204 qui
1365 5127 1534 5184 immediate
1550 5123 1651 5196 primis
1663 5123 1757 5178 Patri·

958 5237 1011 5291 bus
1028 5228 1136 5287 ordinis
1157 5222 1363 5285 successerunt,
1394 5216 1546 5272 historiam
1577 5213 1674 5279 illam;
1701 5211 1763 5266 imo

958 5321 1083 5396 potuisse
1097 5321 1165 5371 tuuc
1187 5309 1307 5383 reperiri
1323 5309 1353 5362 in
1383 5321 1457 5376 pago
1484 5300 1641 5358 carthusiae
1667 5298 1763 5354 vicino

960 5409 1081 5467 rusticos
1096 5404 1145 5477 qni
1162 5403 1191 5457 S.
1207 5403 1374 5455 Brunonom
1391 5397 1420 5448 et
1434 5393 1496 5464 ejus
1512 5392 1605 5446 socios
1618 5388 1761 5444 viderant.

962 5503 1037 5558 Nam
1060 5493 1156 5553 rustici
1185 5491 1216 5546 in
1247 5486 1308 5543 istis
1336 5484 1463 5556 rupibus,
1494 5480 1544 5535 ubi
1570 5495 1641 5534 aura
1665 5477 1771 5551 purior

1555 5574 1573 5626 Ἰ
