<?xml version="1.0" encoding="UTF-8"?>
<!DOCTYPE html PUBLIC "-//W3C//DTD XHTML 1.0 Transitional//EN"
    "http://www.w3.org/TR/xhtml1/DTD/xhtml1-transitional.dtd">
<html xmlns="http://www.w3.org/1999/xhtml" xml:lang="en" lang="en">
 <head>
  <title>
</title>
<meta http-equiv="Content-Type" content="text/html;charset=utf-8" />
  <meta name='ocr-system' content='tesseract 3.04.00' />
  <meta name='ocr-capabilities' content='ocr_page ocr_carea ocr_par ocr_line ocrx_word'/>
</head>
<body>
  <div class='ocr_page' id='page_1' title='image "./patrologiaecurs30unkngoog_0185.png"; bbox 0 0 3772 5970; ppageno 0'>
   <div class='ocr_carea' id='block_1_1' title="bbox 166 262 1826 368">
    <p class='ocr_par' dir='ltr' id='par_1_1' title="bbox 166 262 1826 368">
     <span class='ocr_line' id='line_1_1' title="bbox 166 262 1826 368; baseline 0.003 -6"><span class='ocrx_word' id='word_1_1' title='bbox 166 306 219 364; x_wconf 78' lang='lat' dir='ltr'>aar</span> <span class='ocrx_word' id='word_1_2' title='bbox 592 304 622 361; x_wconf 88' lang='lat' dir='ltr'>s.</span> <span class='ocrx_word' id='word_1_3' title='bbox 635 304 807 361; x_wconf 73' lang='lat' dir='ltr'>caurorus</span> <span class='ocrx_word' id='word_1_4' title='bbox 827 262 1144 362; x_wconf 76' lang='lat' dir='ltr'>mnrnusunoaun</span> <span class='ocrx_word' id='word_1_5' title='bbox 1163 302 1397 362; x_wconf 82' lang='lat' dir='ltr'>rusrnuronrs</span> <span class='ocrx_word' id='word_1_6' title='bbox 1773 309 1826 368; x_wconf 81' lang='lat' dir='ltr'>seo</span> 
     </span>
    </p>
   </div>
   <div class='ocr_carea' id='block_1_2' title="bbox 92 426 1832 5550">
    <p class='ocr_par' dir='ltr' id='par_1_2' title="bbox 92 426 1832 5550">
     <span class='ocr_line' id='line_1_2' title="bbox 167 426 1827 507; baseline 0.005 -23"><span class='ocrx_word' id='word_1_7' title='bbox 167 452 183 484; x_wconf 81' lang='grc' dir='ltr'>ιι</span> <span class='ocrx_word' id='word_1_8' title='bbox 200 428 268 505; x_wconf 80' lang='lat' dir='ltr'>quia</span> <span class='ocrx_word' id='word_1_9' title='bbox 277 426 314 486; x_wconf 90' lang='lat' dir='ltr'>ad</span> <span class='ocrx_word' id='word_1_10' title='bbox 323 445 386 486; x_wconf 86' lang='lat' dir='ltr'>rem</span> <span class='ocrx_word' id='word_1_11' title='bbox 401 430 531 486; x_wconf 91' lang='lat' dir='ltr'>nostram</span> <span class='ocrx_word' id='word_1_12' title='bbox 544 448 648 504; x_wconf 90' lang='lat' dir='ltr'>parurn</span> <span class='ocrx_word' id='word_1_13' title='bbox 660 430 787 487; x_wconf 90' lang='lat' dir='ltr'>autnihil</span> <span class='ocrx_word' id='word_1_14' title='bbox 802 430 871 486; x_wconf 85' lang='lat' dir='ltr'>facit</span> <span class='ocrx_word' id='word_1_15' title='bbox 885 432 914 486; x_wconf 91' lang='lat' dir='ltr'>et</span> <span class='ocrx_word' id='word_1_16' title='bbox 926 446 968 486; x_wconf 88' lang='lat' dir='ltr'>so·</span> <span class='ocrx_word' id='word_1_17' title='bbox 976 431 1005 492; x_wconf 77' lang='grc' dir='ltr'><strong>Α</strong></span> <span class='ocrx_word' id='word_1_18' title='bbox 1057 453 1071 482; x_wconf 74' lang='grc' dir='ltr'>ι(</span> <span class='ocrx_word' id='word_1_19' title='bbox 1085 429 1120 504; x_wconf 60' lang='grc' dir='ltr'>θ</span> <span class='ocrx_word' id='word_1_20' title='bbox 1132 431 1190 504; x_wconf 86' lang='lat' dir='ltr'>Ego</span> <span class='ocrx_word' id='word_1_21' title='bbox 1204 431 1300 500; x_wconf 84' lang='lat' dir='ltr'>Euleo,</span> <span class='ocrx_word' id='word_1_22' title='bbox 1317 428 1428 488; x_wconf 88' lang='lat' dir='ltr'>domini</span> <span class='ocrx_word' id='word_1_23' title='bbox 1443 428 1556 488; x_wconf 87' lang='lat' dir='ltr'>comitis</span> <span class='ocrx_word' id='word_1_24' title='bbox 1571 430 1687 505; x_wconf 85' lang='lat' dir='ltr'>Hegerii</span> <span class='ocrx_word' id='word_1_25' title='bbox 1704 436 1827 507; x_wconf 85' lang='lat' dir='ltr'>capella-</span> 
     </span>
     <span class='ocr_line' id='line_1_3' title="bbox 92 510 1824 598; baseline 0.005 -26"><span class='ocrx_word' id='word_1_26' title='bbox 92 510 96 516; x_wconf 56' lang='lat'><strong>⁴</strong></span> <span class='ocrx_word' id='word_1_27' title='bbox 168 542 183 572; x_wconf 75' lang='lat' dir='ltr'>o</span> <span class='ocrx_word' id='word_1_28' title='bbox 200 521 261 576; x_wconf 92' lang='lat' dir='ltr'>lum</span> <span class='ocrx_word' id='word_1_29' title='bbox 276 519 404 575; x_wconf 86' lang='lat' dir='ltr'>exscribo</span> <span class='ocrx_word' id='word_1_30' title='bbox 419 520 559 587; x_wconf 89' lang='lat' dir='ltr'>loca,hae</span> <span class='ocrx_word' id='word_1_31' title='bbox 587 519 853 591; x_wconf 78' lang='lat' dir='ltr'>circumscriptione</span> <span class='ocrx_word' id='word_1_32' title='bbox 881 519 970 574; x_wconf 90' lang='lat' dir='ltr'>iuclu·</span> <span class='ocrx_word' id='word_1_33' title='bbox 1171 537 1233 588; x_wconf 90' lang='lat' dir='ltr'>nus,</span> <span class='ocrx_word' id='word_1_34' title='bbox 1253 521 1289 576; x_wconf 91' lang='lat' dir='ltr'>de</span> <span class='ocrx_word' id='word_1_35' title='bbox 1309 520 1448 575; x_wconf 89' lang='lat' dir='ltr'>mandato</span> <span class='ocrx_word' id='word_1_36' title='bbox 1476 521 1537 592; x_wconf 83' lang='lat' dir='ltr'>ejus</span> <span class='ocrx_word' id='word_1_37' title='bbox 1565 521 1619 577; x_wconf 88' lang='lat' dir='ltr'>hoc</span> <span class='ocrx_word' id='word_1_38' title='bbox 1642 523 1824 598; x_wconf 86' lang='lat' dir='ltr'>privilegium</span> 
     </span>
     <span class='ocr_line' id='line_1_4' title="bbox 166 608 1589 681; baseline -0.003 -15"><span class='ocrx_word' id='word_1_39' title='bbox 166 629 184 665; x_wconf 85' lang='lat'><strong>‹</strong></span> <span class='ocrx_word' id='word_1_40' title='bbox 197 627 238 666; x_wconf 89' lang='lat' dir='ltr'>sa.</span> <span class='ocrx_word' id='word_1_41' title='bbox 256 631 270 659; x_wconf 86' lang='lat'>»</span> <span class='ocrx_word' id='word_1_42' title='bbox 287 610 358 666; x_wconf 84' lang='lat' dir='ltr'>Cum</span> <span class='ocrx_word' id='word_1_43' title='bbox 375 610 485 665; x_wconf 92' lang='lat' dir='ltr'>duobus</span> <span class='ocrx_word' id='word_1_44' title='bbox 507 611 647 666; x_wconf 85' lang='lat' dir='ltr'>casalibus</span> <span class='ocrx_word' id='word_1_45' title='bbox 662 609 833 675; x_wconf 78' lang='lat' dir='ltr'>interclusis,</span> <span class='ocrx_word' id='word_1_46' title='bbox 863 609 970 665; x_wconf 86' lang='lat' dir='ltr'>scilicet</span> <span class='ocrx_word' id='word_1_47' title='bbox 1175 608 1273 681; x_wconf 85' lang='lat' dir='ltr'>scripsi</span> <span class='ocrx_word' id='word_1_48' title='bbox 1287 613 1316 663; x_wconf 86' lang='lat' dir='ltr'>et</span> <span class='ocrx_word' id='word_1_49' title='bbox 1331 626 1378 663; x_wconf 91' lang='lat' dir='ltr'>mc</span> <span class='ocrx_word' id='word_1_50' title='bbox 1394 609 1556 680; x_wconf 88' lang='lat' dir='ltr'>subscripsi.</span> <span class='ocrx_word' id='word_1_51' title='bbox 1573 629 1589 662; x_wconf 79' lang='grc' dir='ltr'>ι)</span> 
     </span>
     <span class='ocr_line' id='line_1_5' title="bbox 168 697 1824 771; baseline 0.001 -15"><span class='ocrx_word' id='word_1_52' title='bbox 168 701 205 756; x_wconf 90' lang='lat' dir='ltr'>de</span> <span class='ocrx_word' id='word_1_53' title='bbox 217 699 321 755; x_wconf 90' lang='lat' dir='ltr'>Sancto</span> <span class='ocrx_word' id='word_1_54' title='bbox 333 699 449 753; x_wconf 70' lang='lat' dir='ltr'>andrea</span> <span class='ocrx_word' id='word_1_55' title='bbox 461 702 490 754; x_wconf 86' lang='lat' dir='ltr'>et</span> <span class='ocrx_word' id='word_1_56' title='bbox 502 700 607 767; x_wconf 80' lang='lat' dir='ltr'>Roscii,</span> <span class='ocrx_word' id='word_1_57' title='bbox 623 699 719 755; x_wconf 91' lang='lat' dir='ltr'>liberis</span> <span class='ocrx_word' id='word_1_58' title='bbox 734 701 762 753; x_wconf 91' lang='lat' dir='ltr'>et</span> <span class='ocrx_word' id='word_1_59' title='bbox 775 700 915 771; x_wconf 83' lang='lat' dir='ltr'>exemptis</span> <span class='ocrx_word' id='word_1_60' title='bbox 932 699 968 754; x_wconf 93' lang='lat' dir='ltr'>ob</span> <span class='ocrx_word' id='word_1_61' title='bbox 1055 698 1131 752; x_wconf 84' lang='lat' dir='ltr'>Habe</span> <span class='ocrx_word' id='word_1_62' title='bbox 1148 697 1344 763; x_wconf 88' lang='lat' dir='ltr'>modoetiam,</span> <span class='ocrx_word' id='word_1_63' title='bbox 1368 714 1454 768; x_wconf 90' lang='lat' dir='ltr'>quam</span> <span class='ocrx_word' id='word_1_64' title='bbox 1471 698 1577 753; x_wconf 72' lang='lat' dir='ltr'>chartae</span> <span class='ocrx_word' id='word_1_65' title='bbox 1590 699 1656 753; x_wconf 92' lang='lat' dir='ltr'>huic</span> <span class='ocrx_word' id='word_1_66' title='bbox 1669 717 1686 754; x_wconf 89' lang='lat' dir='ltr'>a</span> <span class='ocrx_word' id='word_1_67' title='bbox 1699 718 1728 756; x_wconf 89' lang='lat' dir='ltr'>sc</span> <span class='ocrx_word' id='word_1_68' title='bbox 1742 704 1824 757; x_wconf 84' lang='lat' dir='ltr'>tran-</span> 
     </span>
     <span class='ocr_line' id='line_1_6' title="bbox 167 786 1824 863; baseline -0.001 -16"><span class='ocrx_word' id='word_1_69' title='bbox 167 789 248 847; x_wconf 88' lang='lat' dir='ltr'>omni</span> <span class='ocrx_word' id='word_1_70' title='bbox 262 789 470 844; x_wconf 87' lang='lat' dir='ltr'>communitate</span> <span class='ocrx_word' id='word_1_71' title='bbox 498 789 634 844; x_wconf 76' lang='lat' dir='ltr'>casalium</span> <span class='ocrx_word' id='word_1_72' title='bbox 655 805 788 845; x_wconf 89' lang='lat' dir='ltr'>meorum</span> <span class='ocrx_word' id='word_1_73' title='bbox 809 790 844 844; x_wconf 90' lang='lat' dir='ltr'>de</span> <span class='ocrx_word' id='word_1_74' title='bbox 863 790 969 863; x_wconf 92' lang='lat' dir='ltr'>oppido</span> <span class='ocrx_word' id='word_1_75' title='bbox 1019 786 1132 859; x_wconf 78' lang='lat' dir='ltr'>scriptae</span> <span class='ocrx_word' id='word_1_76' title='bbox 1143 786 1363 842; x_wconf 90' lang='lat' dir='ltr'>annotationem</span> <span class='ocrx_word' id='word_1_77' title='bbox 1377 787 1824 859; x_wconf 87' lang='lat' dir='ltr'>subnectitblorkeusins.«Hauc,</span> 
     </span>
     <span class='ocr_line' id='line_1_7' title="bbox 168 875 1825 950; baseline 0 -17"><span class='ocrx_word' id='word_1_78' title='bbox 168 878 248 945; x_wconf 84' lang='lat' dir='ltr'>stili;</span> <span class='ocrx_word' id='word_1_79' title='bbox 262 879 332 933; x_wconf 89' lang='lat' dir='ltr'>item</span> <span class='ocrx_word' id='word_1_80' title='bbox 344 878 450 944; x_wconf 90' lang='lat' dir='ltr'>locum,</span> <span class='ocrx_word' id='word_1_81' title='bbox 468 879 515 950; x_wconf 91' lang='lat' dir='ltr'>qui</span> <span class='ocrx_word' id='word_1_82' title='bbox 540 879 642 933; x_wconf 89' lang='lat' dir='ltr'>dicitur</span> <span class='ocrx_word' id='word_1_83' title='bbox 657 895 722 932; x_wconf 92' lang='lat' dir='ltr'>cum</span> <span class='ocrx_word' id='word_1_84' title='bbox 744 880 855 936; x_wconf 85' lang='lat' dir='ltr'>duobus</span> <span class='ocrx_word' id='word_1_85' title='bbox 870 879 968 935; x_wconf 83' lang='lat' dir='ltr'>casali·</span> <span class='ocrx_word' id='word_1_86' title='bbox 1019 875 1123 946; x_wconf 89' lang='lat' dir='ltr'>iuquit,</span> <span class='ocrx_word' id='word_1_87' title='bbox 1136 875 1266 929; x_wconf 71' lang='lat' dir='ltr'>Ecclesiae</span> <span class='ocrx_word' id='word_1_88' title='bbox 1288 875 1379 929; x_wconf 85' lang='lat' dir='ltr'>eremi</span> <span class='ocrx_word' id='word_1_89' title='bbox 1394 875 1630 931; x_wconf 88' lang='lat' dir='ltr'>constitutionem</span> <span class='ocrx_word' id='word_1_90' title='bbox 1644 879 1732 933; x_wconf 87' lang='lat' dir='ltr'>etiam</span> <span class='ocrx_word' id='word_1_91' title='bbox 1747 879 1825 933; x_wconf 90' lang='lat' dir='ltr'>inter</span> 
     </span>
     <span class='ocr_line' id='line_1_8' title="bbox 168 963 1827 1042; baseline -0.001 -18"><span class='ocrx_word' id='word_1_92' title='bbox 168 968 309 1039; x_wconf 82' lang='lat' dir='ltr'>busVingi</span> <span class='ocrx_word' id='word_1_93' title='bbox 320 970 348 1022; x_wconf 90' lang='lat' dir='ltr'>ct</span> <span class='ocrx_word' id='word_1_94' title='bbox 362 968 490 1039; x_wconf 87' lang='lat' dir='ltr'>Buauugi</span> <span class='ocrx_word' id='word_1_95' title='bbox 506 968 638 1023; x_wconf 88' lang='lat' dir='ltr'>similiter</span> <span class='ocrx_word' id='word_1_96' title='bbox 655 969 751 1024; x_wconf 90' lang='lat' dir='ltr'>liberis</span> <span class='ocrx_word' id='word_1_97' title='bbox 778 973 807 1024; x_wconf 91' lang='lat' dir='ltr'>et</span> <span class='ocrx_word' id='word_1_98' title='bbox 830 970 969 1042; x_wconf 88' lang='lat' dir='ltr'>exemptis</span> <span class='ocrx_word' id='word_1_99' title='bbox 1019 965 1156 1019; x_wconf 79' lang='lat' dir='ltr'>Analecta</span> <span class='ocrx_word' id='word_1_100' title='bbox 1165 963 1529 1035; x_wconf 83' lang='lat' dir='ltr'>Garuet&#39;eltiinostrireperi</span> <span class='ocrx_word' id='word_1_101' title='bbox 1544 965 1748 1038; x_wconf 88' lang='lat' dir='ltr'>interpolatam</span> <span class='ocrx_word' id='word_1_102' title='bbox 1756 969 1827 1023; x_wconf 87' lang='lat' dir='ltr'>atad</span> 
     </span>
     <span class='ocr_line' id='line_1_9' title="bbox 168 1052 1825 1126; baseline -0.002 -13"><span class='ocrx_word' id='word_1_103' title='bbox 168 1057 204 1113; x_wconf 92' lang='lat' dir='ltr'>ab</span> <span class='ocrx_word' id='word_1_104' title='bbox 221 1057 301 1112; x_wconf 88' lang='lat' dir='ltr'>omni</span> <span class='ocrx_word' id='word_1_105' title='bbox 316 1055 524 1111; x_wconf 87' lang='lat' dir='ltr'>communitate</span> <span class='ocrx_word' id='word_1_106' title='bbox 541 1056 676 1111; x_wconf 86' lang='lat' dir='ltr'>casalium</span> <span class='ocrx_word' id='word_1_107' title='bbox 691 1074 824 1113; x_wconf 90' lang='lat' dir='ltr'>meorum</span> <span class='ocrx_word' id='word_1_108' title='bbox 841 1059 877 1113; x_wconf 89' lang='lat' dir='ltr'>de</span> <span class='ocrx_word' id='word_1_109' title='bbox 892 1059 968 1114; x_wconf 90' lang='lat' dir='ltr'>dicto</span> <span class='ocrx_word' id='word_1_110' title='bbox 1019 1053 1232 1124; x_wconf 82' lang='lat' dir='ltr'>autographum</span> <span class='ocrx_word' id='word_1_111' title='bbox 1251 1052 1430 1122; x_wconf 85' lang='lat' dir='ltr'>recognitam</span> <span class='ocrx_word' id='word_1_112' title='bbox 1449 1053 1590 1125; x_wconf 89' lang='lat' dir='ltr'>rescripsi,</span> <span class='ocrx_word' id='word_1_113' title='bbox 1607 1053 1780 1126; x_wconf 83' lang='lat' dir='ltr'>ascripsiquc</span> <span class='ocrx_word' id='word_1_114' title='bbox 1796 1055 1825 1111; x_wconf 91' lang='lat' dir='ltr'>iu</span> 
     </span>
     <span class='ocr_line' id='line_1_10' title="bbox 167 1140 1823 1218; baseline -0.001 -18"><span class='ocrx_word' id='word_1_115' title='bbox 167 1145 273 1218; x_wconf 93' lang='lat' dir='ltr'>oppido</span> <span class='ocrx_word' id='word_1_116' title='bbox 287 1144 367 1212; x_wconf 84' lang='lat' dir='ltr'>Sti1i;</span> <span class='ocrx_word' id='word_1_117' title='bbox 383 1144 453 1199; x_wconf 88' lang='lat' dir='ltr'>item</span> <span class='ocrx_word' id='word_1_118' title='bbox 470 1144 619 1199; x_wconf 84' lang='lat' dir='ltr'>eeclesiam</span> <span class='ocrx_word' id='word_1_119' title='bbox 635 1144 731 1200; x_wconf 85' lang='lat' dir='ltr'>Sancti</span> <span class='ocrx_word' id='word_1_120' title='bbox 748 1147 861 1203; x_wconf 81' lang='lat' dir='ltr'>Fautini</span> <span class='ocrx_word' id='word_1_121' title='bbox 877 1164 971 1202; x_wconf 86' lang='lat' dir='ltr'>exem·</span> <span class='ocrx_word' id='word_1_122' title='bbox 1018 1141 1150 1212; x_wconf 81' lang='lat' dir='ltr'>margine</span> <span class='ocrx_word' id='word_1_123' title='bbox 1160 1140 1406 1210; x_wconf 72' lang='lat' dir='ltr'>interpolationes,</span> <span class='ocrx_word' id='word_1_124' title='bbox 1418 1140 1672 1198; x_wconf 88' lang='lat' dir='ltr'>astericonotatas.</span> <span class='ocrx_word' id='word_1_125' title='bbox 1691 1142 1823 1214; x_wconf 82' lang='lat' dir='ltr'>sigilium</span> 
     </span>
     <span class='ocr_line' id='line_1_11' title="bbox 156 1228 1824 1306; baseline 0.001 -20"><span class='ocrx_word' id='word_1_126' title='bbox 156 1235 248 1306; x_wconf 73' lang='lat' dir='ltr'>¹ptam</span> <span class='ocrx_word' id='word_1_127' title='bbox 264 1234 299 1288; x_wconf 90' lang='lat' dir='ltr'>ab</span> <span class='ocrx_word' id='word_1_128' title='bbox 314 1231 441 1305; x_wconf 86' lang='lat' dir='ltr'>episcopi</span> <span class='ocrx_word' id='word_1_129' title='bbox 459 1232 659 1304; x_wconf 87' lang='lat' dir='ltr'>jurisdictione</span> <span class='ocrx_word' id='word_1_130' title='bbox 687 1234 796 1290; x_wconf 88' lang='lat' dir='ltr'>Giracei</span> <span class='ocrx_word' id='word_1_131' title='bbox 822 1236 881 1302; x_wconf 79' lang='lat' dir='ltr'>tot,</span> <span class='ocrx_word' id='word_1_132' title='bbox 895 1236 972 1290; x_wconf 86' lang='lat' dir='ltr'>Gira-</span> <span class='ocrx_word' id='word_1_133' title='bbox 1021 1233 1064 1285; x_wconf 90' lang='lat' dir='ltr'>est</span> <span class='ocrx_word' id='word_1_134' title='bbox 1070 1229 1251 1301; x_wconf 89' lang='lat' dir='ltr'>plumbeum,</span> <span class='ocrx_word' id='word_1_135' title='bbox 1269 1228 1455 1299; x_wconf 89' lang='lat' dir='ltr'>ntisupcrius,</span> <span class='ocrx_word' id='word_1_136' title='bbox 1466 1232 1495 1284; x_wconf 88' lang='lat' dir='ltr'>ct</span> <span class='ocrx_word' id='word_1_137' title='bbox 1506 1230 1751 1301; x_wconf 86' lang='lat' dir='ltr'>pendetcxeorda</span> <span class='ocrx_word' id='word_1_138' title='bbox 1762 1248 1824 1289; x_wconf 90' lang='lat' dir='ltr'>cro·</span> 
     </span>
     <span class='ocr_line' id='line_1_12' title="bbox 167 1317 1827 1396; baseline 0.002 -23"><span class='ocrx_word' id='word_1_139' title='bbox 167 1321 224 1389; x_wconf 90' lang='lat' dir='ltr'>cii],</span> <span class='ocrx_word' id='word_1_140' title='bbox 240 1338 304 1393; x_wconf 67' lang='lat' dir='ltr'>quae</span> <span class='ocrx_word' id='word_1_141' title='bbox 319 1321 356 1375; x_wconf 90' lang='lat' dir='ltr'>ad</span> <span class='ocrx_word' id='word_1_142' title='bbox 370 1320 503 1375; x_wconf 88' lang='lat' dir='ltr'>eamdem</span> <span class='ocrx_word' id='word_1_143' title='bbox 520 1321 669 1376; x_wconf 88' lang='lat' dir='ltr'>eeclesiam</span> <span class='ocrx_word' id='word_1_144' title='bbox 688 1323 808 1378; x_wconf 70' lang='lat' dir='ltr'>Amasim</span> <span class='ocrx_word' id='word_1_145' title='bbox 836 1325 971 1396; x_wconf 75' lang='lat' dir='ltr'>pertinet,</span> <span class='ocrx_word' id='word_1_146' title='bbox 1022 1317 1827 1391; x_wconf 83' lang='lat' dir='ltr'>ceicoloris.»luterpolatioues,quasiterumhicscriptor</span> 
     </span>
     <span class='ocr_line' id='line_1_13' title="bbox 168 1405 1827 1483; baseline -0.001 -18"><span class='ocrx_word' id='word_1_147' title='bbox 168 1426 233 1483; x_wconf 75' lang='lat' dir='ltr'>quie</span> <span class='ocrx_word' id='word_1_148' title='bbox 246 1409 338 1481; x_wconf 89' lang='lat' dir='ltr'>posita</span> <span class='ocrx_word' id='word_1_149' title='bbox 353 1413 396 1464; x_wconf 89' lang='lat' dir='ltr'>cst</span> <span class='ocrx_word' id='word_1_150' title='bbox 423 1409 452 1464; x_wconf 91' lang='lat' dir='ltr'>iu</span> <span class='ocrx_word' id='word_1_151' title='bbox 468 1410 650 1481; x_wconf 88' lang='lat' dir='ltr'>pertinentiis</span> <span class='ocrx_word' id='word_1_152' title='bbox 665 1412 838 1482; x_wconf 79' lang='lat' dir='ltr'>Agrottcrioe</span> <span class='ocrx_word' id='word_1_153' title='bbox 859 1413 888 1467; x_wconf 92' lang='lat' dir='ltr'>iu</span> <span class='ocrx_word' id='word_1_154' title='bbox 904 1412 971 1467; x_wconf 89' lang='lat' dir='ltr'>tini·</span> <span class='ocrx_word' id='word_1_155' title='bbox 1022 1408 1179 1474; x_wconf 88' lang='lat' dir='ltr'>memorat,</span> <span class='ocrx_word' id='word_1_156' title='bbox 1201 1405 1339 1460; x_wconf 85' lang='lat' dir='ltr'>duntaxat</span> <span class='ocrx_word' id='word_1_157' title='bbox 1364 1406 1424 1460; x_wconf 91' lang='lat' dir='ltr'>lere</span> <span class='ocrx_word' id='word_1_158' title='bbox 1449 1408 1516 1460; x_wconf 90' lang='lat' dir='ltr'>sunt</span> <span class='ocrx_word' id='word_1_159' title='bbox 1542 1406 1680 1462; x_wconf 89' lang='lat' dir='ltr'>lectiones</span> <span class='ocrx_word' id='word_1_160' title='bbox 1694 1409 1827 1464; x_wconf 92' lang='lat' dir='ltr'>nonnihil</span> 
     </span>
     <span class='ocr_line' id='line_1_14' title="bbox 167 1492 1827 1567; baseline 0.001 -13"><span class='ocrx_word' id='word_1_161' title='bbox 167 1500 269 1554; x_wconf 90' lang='lat' dir='ltr'>mento</span> <span class='ocrx_word' id='word_1_162' title='bbox 284 1497 376 1553; x_wconf 85' lang='lat' dir='ltr'>Giraei</span> <span class='ocrx_word' id='word_1_163' title='bbox 392 1497 451 1561; x_wconf 88' lang='lat' dir='ltr'>[ol.‚</span> <span class='ocrx_word' id='word_1_164' title='bbox 466 1498 581 1560; x_wconf 88' lang='lat' dir='ltr'>Giracii]</span> <span class='ocrx_word' id='word_1_165' title='bbox 594 1515 659 1553; x_wconf 91' lang='lat' dir='ltr'>curu</span> <span class='ocrx_word' id='word_1_166' title='bbox 671 1500 973 1555; x_wconf 90' lang='lat' dir='ltr'>omuibusrationibns</span> <span class='ocrx_word' id='word_1_167' title='bbox 1023 1494 1183 1562; x_wconf 47' lang='lat' dir='ltr'>variante&amp;</span> <span class='ocrx_word' id='word_1_168' title='bbox 1207 1510 1256 1549; x_wconf 72' lang='lat' dir='ltr'>eas</span> <span class='ocrx_word' id='word_1_169' title='bbox 1271 1492 1389 1548; x_wconf 73' lang='lat' dir='ltr'>inierim</span> <span class='ocrx_word' id='word_1_170' title='bbox 1404 1494 1441 1548; x_wconf 71' lang='lat' dir='ltr'>ad</span> <span class='ocrx_word' id='word_1_171' title='bbox 1456 1495 1620 1566; x_wconf 74' lang='lat' dir='ltr'>marginem</span> <span class='ocrx_word' id='word_1_172' title='bbox 1648 1497 1757 1567; x_wconf 82' lang='lat' dir='ltr'>pariter</span> <span class='ocrx_word' id='word_1_173' title='bbox 1780 1498 1827 1552; x_wconf 85' lang='lat' dir='ltr'>hic</span> 
     </span>
     <span class='ocr_line' id='line_1_15' title="bbox 168 1582 1828 1660; baseline 0 -18"><span class='ocrx_word' id='word_1_174' title='bbox 168 1589 198 1642; x_wconf 84' lang='lat' dir='ltr'>et</span> <span class='ocrx_word' id='word_1_175' title='bbox 211 1586 473 1656; x_wconf 80' lang='lat' dir='ltr'>pertiuentiissuis3</span> <span class='ocrx_word' id='word_1_176' title='bbox 493 1586 562 1641; x_wconf 89' lang='lat' dir='ltr'>item</span> <span class='ocrx_word' id='word_1_177' title='bbox 581 1589 672 1641; x_wconf 91' lang='lat' dir='ltr'>casale</span> <span class='ocrx_word' id='word_1_178' title='bbox 687 1587 813 1642; x_wconf 80' lang='lat' dir='ltr'>Arunehi</span> <span class='ocrx_word' id='word_1_179' title='bbox 839 1588 869 1643; x_wconf 91' lang='lat' dir='ltr'>in</span> <span class='ocrx_word' id='word_1_180' title='bbox 884 1588 984 1660; x_wconf 89' lang='lat' dir='ltr'>perti··</span> <span class='ocrx_word' id='word_1_181' title='bbox 1024 1583 1233 1654; x_wconf 79' lang='lat' dir='ltr'>adjeciverurn</span> <span class='ocrx_word' id='word_1_182' title='bbox 1241 1586 1307 1637; x_wconf 88' lang='lat' dir='ltr'>suut</span> <span class='ocrx_word' id='word_1_183' title='bbox 1317 1586 1345 1637; x_wconf 88' lang='lat' dir='ltr'>et</span> <span class='ocrx_word' id='word_1_184' title='bbox 1354 1582 1409 1638; x_wconf 87' lang='lat' dir='ltr'>alia</span> <span class='ocrx_word' id='word_1_185' title='bbox 1416 1582 1445 1636; x_wconf 90' lang='lat' dir='ltr'>in</span> <span class='ocrx_word' id='word_1_186' title='bbox 1456 1582 1769 1641; x_wconf 87' lang='lat' dir='ltr'>ideminstrumcntum</span> <span class='ocrx_word' id='word_1_187' title='bbox 1778 1605 1828 1642; x_wconf 92' lang='lat' dir='ltr'>no·</span> 
     </span>
     <span class='ocr_line' id='line_1_16' title="bbox 168 1671 1828 1746; baseline 0.001 -17"><span class='ocrx_word' id='word_1_188' title='bbox 168 1674 275 1729; x_wconf 89' lang='lat' dir='ltr'>uentiis</span> <span class='ocrx_word' id='word_1_189' title='bbox 288 1674 410 1729; x_wconf 86' lang='lat' dir='ltr'>civitatis</span> <span class='ocrx_word' id='word_1_190' title='bbox 422 1673 567 1745; x_wconf 87' lang='lat' dir='ltr'>Squillacii</span> <span class='ocrx_word' id='word_1_191' title='bbox 583 1691 648 1729; x_wconf 90' lang='lat' dir='ltr'>cum</span> <span class='ocrx_word' id='word_1_192' title='bbox 663 1676 799 1731; x_wconf 90' lang='lat' dir='ltr'>omnibus</span> <span class='ocrx_word' id='word_1_193' title='bbox 814 1676 974 1732; x_wconf 88' lang='lat' dir='ltr'>rationibus</span> <span class='ocrx_word' id='word_1_194' title='bbox 1024 1673 1121 1728; x_wconf 88' lang='lat' dir='ltr'>tanda.</span> <span class='ocrx_word' id='word_1_195' title='bbox 1134 1675 1174 1727; x_wconf 82' lang='lat' dir='ltr'>Ac</span> <span class='ocrx_word' id='word_1_196' title='bbox 1190 1671 1411 1744; x_wconf 88' lang='lat' dir='ltr'>primoquidem</span> <span class='ocrx_word' id='word_1_197' title='bbox 1423 1672 1643 1742; x_wconf 78' lang='lat' dir='ltr'>notrechouicae,</span> <span class='ocrx_word' id='word_1_198' title='bbox 1659 1691 1730 1746; x_wconf 89' lang='lat' dir='ltr'>quas</span> <span class='ocrx_word' id='word_1_199' title='bbox 1739 1675 1768 1730; x_wconf 90' lang='lat' dir='ltr'>iu</span> <span class='ocrx_word' id='word_1_200' title='bbox 1784 1693 1828 1731; x_wconf 87' lang='lat' dir='ltr'>ca·</span> 
     </span>
     <span class='ocr_line' id='line_1_17' title="bbox 168 1744 1829 1833; baseline 0.004 -20"><span class='ocrx_word' id='word_1_201' title='bbox 168 1764 198 1816; x_wconf 88' lang='lat' dir='ltr'>et</span> <span class='ocrx_word' id='word_1_202' title='bbox 212 1761 395 1833; x_wconf 86' lang='lat' dir='ltr'>pertinentiis</span> <span class='ocrx_word' id='word_1_203' title='bbox 414 1761 473 1815; x_wconf 91' lang='lat' dir='ltr'>suis</span> <span class='ocrx_word' id='word_1_204' title='bbox 487 1761 559 1816; x_wconf 88' lang='lat' dir='ltr'>sieut</span> <span class='ocrx_word' id='word_1_205' title='bbox 572 1764 671 1818; x_wconf 89' lang='lat' dir='ltr'>tenere</span> <span class='ocrx_word' id='word_1_206' title='bbox 688 1767 717 1818; x_wconf 83' lang='lat' dir='ltr'>et</span> <span class='ocrx_word' id='word_1_207' title='bbox 739 1765 848 1820; x_wconf 80' lang='lat' dir='ltr'>hahere</span> <span class='ocrx_word' id='word_1_208' title='bbox 870 1766 973 1821; x_wconf 80' lang='lat' dir='ltr'>eadem</span> <span class='ocrx_word' id='word_1_209' title='bbox 985 1744 1010 1803; x_wconf 89' lang='grc' dir='ltr'>Β</span> <span class='ocrx_word' id='word_1_210' title='bbox 1023 1761 1267 1833; x_wconf 80' lang='lat' dir='ltr'>piteprrelert,seu</span> <span class='ocrx_word' id='word_1_211' title='bbox 1278 1777 1371 1815; x_wconf 90' lang='lat' dir='ltr'>annus</span> <span class='ocrx_word' id='word_1_212' title='bbox 1385 1761 1453 1815; x_wconf 76' lang='lat'><strong>{094</strong></span> <span class='ocrx_word' id='word_1_213' title='bbox 1468 1763 1497 1815; x_wconf 87' lang='lat' dir='ltr'>et</span> <span class='ocrx_word' id='word_1_214' title='bbox 1511 1760 1629 1817; x_wconf 85' lang='lat' dir='ltr'>indictio</span> <span class='ocrx_word' id='word_1_215' title='bbox 1645 1766 1662 1817; x_wconf 76' lang='lat'><strong>2</strong></span> <span class='ocrx_word' id='word_1_216' title='bbox 1676 1779 1737 1818; x_wconf 88' lang='lat' dir='ltr'>sese</span> <span class='ocrx_word' id='word_1_217' title='bbox 1752 1763 1829 1819; x_wconf 88' lang='lat' dir='ltr'>inter</span> 
     </span>
     <span class='ocr_line' id='line_1_18' title="bbox 161 1848 1828 1929; baseline 0.002 -24"><span class='ocrx_word' id='word_1_218' title='bbox 161 1850 287 1929; x_wconf 21' lang='lat' dir='ltr'>*ccclesia</span> <span class='ocrx_word' id='word_1_219' title='bbox 299 1849 419 1905; x_wconf 81' lang='lat' dir='ltr'>Arsasiae</span> <span class='ocrx_word' id='word_1_220' title='bbox 430 1851 586 1906; x_wconf 86' lang='lat' dir='ltr'>cousuevit.</span> <span class='ocrx_word' id='word_1_221' title='bbox 1023 1848 1403 1920; x_wconf 83' lang='lat' dir='ltr'>appriineconveuiunt.Nec</span> <span class='ocrx_word' id='word_1_222' title='bbox 1411 1853 1453 1903; x_wconf 91' lang='lat' dir='ltr'>est</span> <span class='ocrx_word' id='word_1_223' title='bbox 1463 1865 1514 1904; x_wconf 91' lang='lat' dir='ltr'>cnr</span> <span class='ocrx_word' id='word_1_224' title='bbox 1520 1851 1685 1921; x_wconf 91' lang='lat' dir='ltr'>scrupulum</span> <span class='ocrx_word' id='word_1_225' title='bbox 1693 1851 1828 1924; x_wconf 91' lang='lat' dir='ltr'>cuiquam</span> 
     </span>
     <span class='ocr_line' id='line_1_19' title="bbox 203 1936 1828 2015; baseline 0.001 -21"><span class='ocrx_word' id='word_1_226' title='bbox 203 1941 266 1995; x_wconf 79' lang='lat'>584.</span> <span class='ocrx_word' id='word_1_227' title='bbox 293 1939 386 1995; x_wconf 84' lang='lat' dir='ltr'>«Haee</span> <span class='ocrx_word' id='word_1_228' title='bbox 413 1942 511 1994; x_wconf 88' lang='lat' dir='ltr'>autern</span> <span class='ocrx_word' id='word_1_229' title='bbox 536 1943 690 2011; x_wconf 85' lang='lat' dir='ltr'>pernotata</span> <span class='ocrx_word' id='word_1_230' title='bbox 718 1942 778 2009; x_wconf 85' lang='lat' dir='ltr'>[nl.,</span> <span class='ocrx_word' id='word_1_231' title='bbox 800 1946 972 2015; x_wconf 71' lang='lat' dir='ltr'>prenotata]</span> <span class='ocrx_word' id='word_1_232' title='bbox 1023 1936 1828 2012; x_wconf 82' lang='lat' dir='ltr'>injiciat,quod,cumRogeriuscomesabexpeditioneiu</span> 
     </span>
     <span class='ocr_line' id='line_1_20' title="bbox 166 2026 1828 2100; baseline 0 -16"><span class='ocrx_word' id='word_1_233' title='bbox 166 2028 231 2084; x_wconf 88' lang='lat' dir='ltr'>loca</span> <span class='ocrx_word' id='word_1_234' title='bbox 244 2027 321 2083; x_wconf 91' lang='lat' dir='ltr'>douo</span> <span class='ocrx_word' id='word_1_235' title='bbox 349 2030 378 2082; x_wconf 85' lang='lat' dir='ltr'>et</span> <span class='ocrx_word' id='word_1_236' title='bbox 402 2026 529 2084; x_wconf 90' lang='lat' dir='ltr'>concedo</span> <span class='ocrx_word' id='word_1_237' title='bbox 555 2045 608 2100; x_wconf 88' lang='lat' dir='ltr'>pro</span> <span class='ocrx_word' id='word_1_238' title='bbox 623 2029 728 2084; x_wconf 89' lang='lat' dir='ltr'>cadem</span> <span class='ocrx_word' id='word_1_239' title='bbox 744 2031 863 2086; x_wconf 91' lang='lat' dir='ltr'>ecclesia</span> <span class='ocrx_word' id='word_1_240' title='bbox 878 2031 907 2085; x_wconf 90' lang='lat' dir='ltr'>in</span> <span class='ocrx_word' id='word_1_241' title='bbox 922 2031 972 2086; x_wconf 91' lang='lat' dir='ltr'>do·</span> <span class='ocrx_word' id='word_1_242' title='bbox 1023 2026 1205 2081; x_wconf 80' lang='lat' dir='ltr'>Gullielmnm</span> <span class='ocrx_word' id='word_1_243' title='bbox 1222 2029 1362 2098; x_wconf 87' lang='lat' dir='ltr'>suscepta,</span> <span class='ocrx_word' id='word_1_244' title='bbox 1379 2028 1465 2098; x_wconf 90' lang='lat' dir='ltr'>atque</span> <span class='ocrx_word' id='word_1_245' title='bbox 1480 2044 1497 2081; x_wconf 92' lang='lat' dir='ltr'>a</span> <span class='ocrx_word' id='word_1_246' title='bbox 1510 2026 1693 2083; x_wconf 69' lang='lat' dir='ltr'>Casiri-Villae</span> <span class='ocrx_word' id='word_1_247' title='bbox 1703 2028 1828 2084; x_wconf 92' lang='lat' dir='ltr'>obsidio-</span> 
     </span>
     <span class='ocr_line' id='line_1_21' title="bbox 166 2114 1663 2189; baseline -0.001 -18"><span class='ocrx_word' id='word_1_248' title='bbox 166 2114 228 2171; x_wconf 82' lang='lat' dir='ltr'>tem</span> <span class='ocrx_word' id='word_1_249' title='bbox 241 2114 361 2170; x_wconf 91' lang='lat' dir='ltr'>domino</span> <span class='ocrx_word' id='word_1_250' title='bbox 372 2114 449 2170; x_wconf 89' lang='lat' dir='ltr'>Patri</span> <span class='ocrx_word' id='word_1_251' title='bbox 465 2116 603 2183; x_wconf 89' lang='lat' dir='ltr'>Brunoni,</span> <span class='ocrx_word' id='word_1_252' title='bbox 635 2120 663 2171; x_wconf 91' lang='lat' dir='ltr'>et</span> <span class='ocrx_word' id='word_1_253' title='bbox 689 2120 898 2174; x_wconf 84' lang='lat' dir='ltr'>successoribus</span> <span class='ocrx_word' id='word_1_254' title='bbox 913 2119 974 2189; x_wconf 89' lang='lat' dir='ltr'>ejus</span> <span class='ocrx_word' id='word_1_255' title='bbox 1023 2132 1060 2170; x_wconf 89' lang='lat' dir='ltr'>ue</span> <span class='ocrx_word' id='word_1_256' title='bbox 1074 2131 1203 2170; x_wconf 86' lang='lat' dir='ltr'>reversus</span> <span class='ocrx_word' id='word_1_257' title='bbox 1219 2118 1303 2177; x_wconf 84' lang='lat' dir='ltr'>essct,</span> <span class='ocrx_word' id='word_1_258' title='bbox 1320 2115 1457 2170; x_wconf 88' lang='lat' dir='ltr'>datumiu</span> <span class='ocrx_word' id='word_1_259' title='bbox 1470 2115 1529 2170; x_wconf 85' lang='lat' dir='ltr'>fine</span> <span class='ocrx_word' id='word_1_260' title='bbox 1542 2115 1663 2171; x_wconf 86' lang='lat' dir='ltr'>dicatur.</span> 
     </span>
     <span class='ocr_line' id='line_1_22' title="bbox 167 2202 1828 2278; baseline 0.001 -20"><span class='ocrx_word' id='word_1_261' title='bbox 167 2217 235 2258; x_wconf 85' lang='lat' dir='ltr'>eum</span> <span class='ocrx_word' id='word_1_262' title='bbox 245 2202 380 2257; x_wconf 89' lang='lat' dir='ltr'>omnibus</span> <span class='ocrx_word' id='word_1_263' title='bbox 394 2202 714 2276; x_wconf 90' lang='lat' dir='ltr'>rationibus,aquarum</span> <span class='ocrx_word' id='word_1_264' title='bbox 724 2207 899 2273; x_wconf 88' lang='lat' dir='ltr'>decursibus,</span> <span class='ocrx_word' id='word_1_265' title='bbox 913 2224 975 2262; x_wconf 91' lang='lat' dir='ltr'>mo·</span> <span class='ocrx_word' id='word_1_266' title='bbox 1059 2205 1121 2258; x_wconf 79' lang='lat'>586.</span> <span class='ocrx_word' id='word_1_267' title='bbox 1134 2204 1259 2270; x_wconf 83' lang='lat' dir='ltr'>Etenim,</span> <span class='ocrx_word' id='word_1_268' title='bbox 1280 2204 1351 2257; x_wconf 88' lang='lat' dir='ltr'>teste</span> <span class='ocrx_word' id='word_1_269' title='bbox 1368 2203 1498 2259; x_wconf 73' lang='lat' dir='ltr'>Historiae</span> <span class='ocrx_word' id='word_1_270' title='bbox 1519 2202 1620 2259; x_wconf 72' lang='lat' dir='ltr'>Siculae</span> <span class='ocrx_word' id='word_1_271' title='bbox 1644 2203 1694 2259; x_wconf 87' lang='lat' dir='ltr'>lib.</span> <span class='ocrx_word' id='word_1_272' title='bbox 1711 2222 1748 2260; x_wconf 84' lang='lat' dir='ltr'>rr.</span> <span class='ocrx_word' id='word_1_273' title='bbox 1765 2223 1828 2278; x_wconf 85' lang='lat' dir='ltr'>cap.</span> 
     </span>
     <span class='ocr_line' id='line_1_23' title="bbox 167 2286 1828 2363; baseline 0.002 -17"><span class='ocrx_word' id='word_1_274' title='bbox 167 2286 302 2356; x_wconf 84' lang='lat' dir='ltr'>lendiuis,</span> <span class='ocrx_word' id='word_1_275' title='bbox 319 2291 487 2346; x_wconf 87' lang='lat' dir='ltr'>nemoribus</span> <span class='ocrx_word' id='word_1_276' title='bbox 502 2295 532 2347; x_wconf 88' lang='lat' dir='ltr'>et</span> <span class='ocrx_word' id='word_1_277' title='bbox 541 2293 702 2361; x_wconf 89' lang='lat' dir='ltr'>arboribus,</span> <span class='ocrx_word' id='word_1_278' title='bbox 726 2295 808 2349; x_wconf 89' lang='lat' dir='ltr'>cultis</span> <span class='ocrx_word' id='word_1_279' title='bbox 821 2295 973 2349; x_wconf 88' lang='lat' dir='ltr'>etincultis</span> <span class='ocrx_word' id='word_1_280' title='bbox 1024 2295 1053 2347; x_wconf 79' lang='lat' dir='ltr'>al</span> <span class='ocrx_word' id='word_1_281' title='bbox 1071 2295 1167 2363; x_wconf 90' lang='lat' dir='ltr'>etseq.</span> <span class='ocrx_word' id='word_1_282' title='bbox 1183 2290 1326 2346; x_wconf 87' lang='lat' dir='ltr'>Gaulredo</span> <span class='ocrx_word' id='word_1_283' title='bbox 1338 2292 1498 2357; x_wconf 85' lang='lat' dir='ltr'>Halaterra,</span> <span class='ocrx_word' id='word_1_284' title='bbox 1515 2292 1681 2346; x_wconf 84' lang='lat' dir='ltr'>Gullielrnus</span> <span class='ocrx_word' id='word_1_285' title='bbox 1695 2293 1828 2349; x_wconf 87' lang='lat' dir='ltr'>deGran-</span> 
     </span>
     <span class='ocr_line' id='line_1_24' title="bbox 168 2378 1830 2457; baseline 0.001 -21"><span class='ocrx_word' id='word_1_286' title='bbox 168 2378 300 2436; x_wconf 90' lang='lat' dir='ltr'>mineriis</span> <span class='ocrx_word' id='word_1_287' title='bbox 311 2379 376 2434; x_wconf 85' lang='lat' dir='ltr'>aeris</span> <span class='ocrx_word' id='word_1_288' title='bbox 391 2381 420 2434; x_wconf 88' lang='lat' dir='ltr'>et</span> <span class='ocrx_word' id='word_1_289' title='bbox 434 2379 502 2434; x_wconf 85' lang='lat' dir='ltr'>ferri</span> <span class='ocrx_word' id='word_1_290' title='bbox 519 2383 547 2435; x_wconf 91' lang='lat' dir='ltr'>et</span> <span class='ocrx_word' id='word_1_291' title='bbox 560 2381 691 2436; x_wconf 90' lang='lat' dir='ltr'>omnium</span> <span class='ocrx_word' id='word_1_292' title='bbox 711 2384 907 2451; x_wconf 89' lang='lat' dir='ltr'>metallorum,</span> <span class='ocrx_word' id='word_1_293' title='bbox 921 2400 971 2457; x_wconf 89' lang='lat' dir='ltr'>pa·</span> <span class='ocrx_word' id='word_1_294' title='bbox 1023 2383 1099 2435; x_wconf 89' lang='lat' dir='ltr'>tavul</span> <span class='ocrx_word' id='word_1_295' title='bbox 1110 2397 1170 2446; x_wconf 91' lang='lat' dir='ltr'>seu,</span> <span class='ocrx_word' id='word_1_296' title='bbox 1188 2382 1220 2434; x_wconf 90' lang='lat' dir='ltr'>ut</span> <span class='ocrx_word' id='word_1_297' title='bbox 1229 2380 1265 2434; x_wconf 92' lang='lat' dir='ltr'>ab</span> <span class='ocrx_word' id='word_1_298' title='bbox 1281 2379 1343 2435; x_wconf 88' lang='lat' dir='ltr'>aliis</span> <span class='ocrx_word' id='word_1_299' title='bbox 1353 2379 1497 2447; x_wconf 88' lang='lat' dir='ltr'>scribitur,</span> <span class='ocrx_word' id='word_1_300' title='bbox 1510 2380 1545 2434; x_wconf 89' lang='lat' dir='ltr'>de</span> <span class='ocrx_word' id='word_1_301' title='bbox 1559 2380 1768 2449; x_wconf 86' lang='lat' dir='ltr'>Grantcmanil,</span> <span class='ocrx_word' id='word_1_302' title='bbox 1782 2384 1830 2455; x_wconf 92' lang='lat' dir='ltr'>qui</span> 
     </span>
     <span class='ocr_line' id='line_1_25' title="bbox 168 2467 1831 2542; baseline 0.001 -18"><span class='ocrx_word' id='word_1_303' title='bbox 168 2467 242 2525; x_wconf 82' lang='lat' dir='ltr'>senis</span> <span class='ocrx_word' id='word_1_304' title='bbox 257 2471 286 2522; x_wconf 91' lang='lat' dir='ltr'>et</span> <span class='ocrx_word' id='word_1_305' title='bbox 301 2467 435 2522; x_wconf 89' lang='lat' dir='ltr'>omnibus</span> <span class='ocrx_word' id='word_1_306' title='bbox 446 2467 571 2538; x_wconf 88' lang='lat' dir='ltr'>juribus,</span> <span class='ocrx_word' id='word_1_307' title='bbox 588 2486 652 2540; x_wconf 75' lang='lat' dir='ltr'>quie</span> <span class='ocrx_word' id='word_1_308' title='bbox 667 2486 722 2542; x_wconf 89' lang='lat' dir='ltr'>ego</span> <span class='ocrx_word' id='word_1_309' title='bbox 745 2474 774 2525; x_wconf 89' lang='lat' dir='ltr'>et</span> <span class='ocrx_word' id='word_1_310' title='bbox 803 2472 882 2527; x_wconf 89' lang='lat' dir='ltr'>curia</span> <span class='ocrx_word' id='word_1_311' title='bbox 908 2489 974 2527; x_wconf 89' lang='lat' dir='ltr'>mea</span> <span class='ocrx_word' id='word_1_312' title='bbox 1022 2467 1154 2534; x_wconf 85' lang='lat' dir='ltr'>Habilioe,</span> <span class='ocrx_word' id='word_1_313' title='bbox 1165 2467 1280 2538; x_wconf 83' lang='lat' dir='ltr'>Hogerii</span> <span class='ocrx_word' id='word_1_314' title='bbox 1297 2467 1375 2522; x_wconf 91' lang='lat' dir='ltr'>ducis</span> <span class='ocrx_word' id='word_1_315' title='bbox 1395 2467 1498 2535; x_wconf 91' lang='lat' dir='ltr'>sorori,</span> <span class='ocrx_word' id='word_1_316' title='bbox 1512 2469 1699 2524; x_wconf 89' lang='lat' dir='ltr'>matrimonio</span> <span class='ocrx_word' id='word_1_317' title='bbox 1713 2469 1831 2541; x_wconf 87' lang='lat' dir='ltr'>junctus</span> 
     </span>
     <span class='ocr_line' id='line_1_26' title="bbox 167 2555 1832 2633; baseline 0.002 -22"><span class='ocrx_word' id='word_1_318' title='bbox 167 2556 276 2611; x_wconf 89' lang='lat' dir='ltr'>habero</span> <span class='ocrx_word' id='word_1_319' title='bbox 294 2555 432 2610; x_wconf 87' lang='lat' dir='ltr'>hactenns</span> <span class='ocrx_word' id='word_1_320' title='bbox 444 2555 599 2624; x_wconf 88' lang='lat' dir='ltr'>consucvit,</span> <span class='ocrx_word' id='word_1_321' title='bbox 617 2558 656 2612; x_wconf 93' lang='lat' dir='ltr'>ita</span> <span class='ocrx_word' id='word_1_322' title='bbox 665 2562 697 2613; x_wconf 94' lang='lat' dir='ltr'>ut</span> <span class='ocrx_word' id='word_1_323' title='bbox 713 2576 799 2614; x_wconf 89' lang='lat' dir='ltr'>nemo</span> <span class='ocrx_word' id='word_1_324' title='bbox 807 2559 916 2632; x_wconf 89' lang='lat' dir='ltr'>aliquid</span> <span class='ocrx_word' id='word_1_325' title='bbox 926 2577 974 2614; x_wconf 91' lang='lat' dir='ltr'>ne·</span> <span class='ocrx_word' id='word_1_326' title='bbox 1024 2559 1272 2633; x_wconf 81' lang='lat' dir='ltr'>erat,aun01093,</span> <span class='ocrx_word' id='word_1_327' title='bbox 1287 2573 1352 2610; x_wconf 90' lang='lat' dir='ltr'>cum</span> <span class='ocrx_word' id='word_1_328' title='bbox 1363 2559 1392 2611; x_wconf 89' lang='lat' dir='ltr'>et</span> <span class='ocrx_word' id='word_1_329' title='bbox 1407 2556 1467 2628; x_wconf 86' lang='lat' dir='ltr'>ipse</span> <span class='ocrx_word' id='word_1_330' title='bbox 1479 2572 1538 2610; x_wconf 91' lang='lat' dir='ltr'>nou</span> <span class='ocrx_word' id='word_1_331' title='bbox 1554 2573 1634 2612; x_wconf 86' lang='lat' dir='ltr'>secus</span> <span class='ocrx_word' id='word_1_332' title='bbox 1647 2574 1680 2612; x_wconf 91' lang='lat' dir='ltr'>ac</span> <span class='ocrx_word' id='word_1_333' title='bbox 1690 2559 1832 2614; x_wconf 88' lang='lat' dir='ltr'>Boamuu·</span> 
     </span>
     <span class='ocr_line' id='line_1_27' title="bbox 168 2641 1832 2717; baseline 0.001 -17"><span class='ocrx_word' id='word_1_334' title='bbox 168 2660 217 2700; x_wconf 90' lang='lat' dir='ltr'>mo</span> <span class='ocrx_word' id='word_1_335' title='bbox 233 2642 342 2715; x_wconf 91' lang='lat' dir='ltr'>aliquid</span> <span class='ocrx_word' id='word_1_336' title='bbox 365 2641 416 2709; x_wconf 93' lang='lat' dir='ltr'>ibi,</span> <span class='ocrx_word' id='word_1_337' title='bbox 447 2643 501 2698; x_wconf 88' lang='lat' dir='ltr'>uisi</span> <span class='ocrx_word' id='word_1_338' title='bbox 522 2644 598 2700; x_wconf 91' lang='lat' dir='ltr'>dicta</span> <span class='ocrx_word' id='word_1_339' title='bbox 612 2646 731 2701; x_wconf 88' lang='lat' dir='ltr'>ecelesia</span> <span class='ocrx_word' id='word_1_340' title='bbox 748 2648 839 2702; x_wconf 88' lang='lat' dir='ltr'>eremi</span> <span class='ocrx_word' id='word_1_341' title='bbox 857 2649 971 2715; x_wconf 89' lang='lat' dir='ltr'>babeat,</span> <span class='ocrx_word' id='word_1_342' title='bbox 1025 2645 1087 2711; x_wconf 91' lang='lat' dir='ltr'>dus,</span> <span class='ocrx_word' id='word_1_343' title='bbox 1105 2646 1140 2700; x_wconf 87' lang='lat' dir='ltr'>de</span> <span class='ocrx_word' id='word_1_344' title='bbox 1156 2661 1212 2716; x_wconf 92' lang='lat' dir='ltr'>quo</span> <span class='ocrx_word' id='word_1_345' title='bbox 1224 2644 1287 2715; x_wconf 89' lang='lat' dir='ltr'>jam</span> <span class='ocrx_word' id='word_1_346' title='bbox 1301 2661 1397 2715; x_wconf 89' lang='lat' dir='ltr'>supra,</span> <span class='ocrx_word' id='word_1_347' title='bbox 1413 2645 1568 2717; x_wconf 75' lang='lat' dir='ltr'>bogerium</span> <span class='ocrx_word' id='word_1_348' title='bbox 1597 2646 1736 2702; x_wconf 90' lang='lat' dir='ltr'>duceme</span> <span class='ocrx_word' id='word_1_349' title='bbox 1764 2648 1832 2703; x_wconf 80' lang='lat' dir='ltr'>rivis</span> 
     </span>
     <span class='ocr_line' id='line_1_28' title="bbox 168 2732 1829 2807; baseline 0.002 -19"><span class='ocrx_word' id='word_1_350' title='bbox 168 2732 240 2788; x_wconf 89' lang='lat' dir='ltr'>sicut</span> <span class='ocrx_word' id='word_1_351' title='bbox 252 2747 286 2786; x_wconf 88' lang='lat' dir='ltr'>cx</span> <span class='ocrx_word' id='word_1_352' title='bbox 298 2733 366 2786; x_wconf 87' lang='lat' dir='ltr'>tunc</span> <span class='ocrx_word' id='word_1_353' title='bbox 381 2748 468 2786; x_wconf 92' lang='lat' dir='ltr'>nemo</span> <span class='ocrx_word' id='word_1_354' title='bbox 483 2732 591 2804; x_wconf 88' lang='lat' dir='ltr'>aliquid</span> <span class='ocrx_word' id='word_1_355' title='bbox 605 2734 678 2805; x_wconf 87' lang='lat' dir='ltr'>juris</span> <span class='ocrx_word' id='word_1_356' title='bbox 690 2735 799 2803; x_wconf 87' lang='lat' dir='ltr'>habuit,</span> <span class='ocrx_word' id='word_1_357' title='bbox 827 2735 881 2790; x_wconf 89' lang='lat' dir='ltr'>nisi</span> <span class='ocrx_word' id='word_1_358' title='bbox 907 2753 972 2807; x_wconf 88' lang='lat' dir='ltr'>ego.</span> <span class='ocrx_word' id='word_1_359' title='bbox 1024 2733 1136 2799; x_wconf 91' lang='lat' dir='ltr'>abiisse,</span> <span class='ocrx_word' id='word_1_360' title='bbox 1150 2733 1220 2788; x_wconf 80' lang='lat' dir='ltr'>falso</span> <span class='ocrx_word' id='word_1_361' title='bbox 1237 2733 1273 2787; x_wconf 88' lang='lat' dir='ltr'>ad</span> <span class='ocrx_word' id='word_1_362' title='bbox 1290 2749 1320 2787; x_wconf 86' lang='lat' dir='ltr'>se</span> <span class='ocrx_word' id='word_1_363' title='bbox 1344 2733 1438 2787; x_wconf 87' lang='lat' dir='ltr'>delato</span> <span class='ocrx_word' id='word_1_364' title='bbox 1455 2750 1573 2789; x_wconf 90' lang='lat' dir='ltr'>rumore</span> <span class='ocrx_word' id='word_1_365' title='bbox 1588 2734 1766 2803; x_wconf 86' lang='lat' dir='ltr'>credidisset,</span> <span class='ocrx_word' id='word_1_366' title='bbox 1782 2754 1829 2790; x_wconf 83' lang='grc' dir='ltr'>ιά-</span> 
     </span>
     <span class='ocr_line' id='line_1_29' title="bbox 170 2819 1831 2896; baseline 0.001 -20"><span class='ocrx_word' id='word_1_367' title='bbox 170 2820 377 2876; x_wconf 89' lang='lat' dir='ltr'>ltemcoucedo</span> <span class='ocrx_word' id='word_1_368' title='bbox 391 2819 486 2875; x_wconf 88' lang='lat' dir='ltr'>eidem</span> <span class='ocrx_word' id='word_1_369' title='bbox 501 2822 631 2877; x_wconf 71' lang='lat' dir='ltr'>Ecclesiae</span> <span class='ocrx_word' id='word_1_370' title='bbox 645 2823 734 2878; x_wconf 87' lang='lat' dir='ltr'>eremi</span> <span class='ocrx_word' id='word_1_371' title='bbox 751 2824 902 2896; x_wconf 90' lang='lat' dir='ltr'>inreliqua</span> <span class='ocrx_word' id='word_1_372' title='bbox 919 2828 973 2880; x_wconf 86' lang='lat' dir='ltr'>ter·</span> <span class='ocrx_word' id='word_1_373' title='bbox 1024 2822 1067 2876; x_wconf 88' lang='lat' dir='ltr'>ria</span> <span class='ocrx_word' id='word_1_374' title='bbox 1091 2821 1128 2875; x_wconf 91' lang='lat' dir='ltr'>ad</span> <span class='ocrx_word' id='word_1_375' title='bbox 1150 2820 1311 2891; x_wconf 86' lang='lat' dir='ltr'>principem</span> <span class='ocrx_word' id='word_1_376' title='bbox 1326 2821 1420 2888; x_wconf 90' lang='lat' dir='ltr'>illum,</span> <span class='ocrx_word' id='word_1_377' title='bbox 1435 2821 1529 2876; x_wconf 88' lang='lat' dir='ltr'>uxoris</span> <span class='ocrx_word' id='word_1_378' title='bbox 1549 2838 1607 2876; x_wconf 73' lang='lat' dir='ltr'>suar</span> <span class='ocrx_word' id='word_1_379' title='bbox 1623 2821 1831 2895; x_wconf 87' lang='lat' dir='ltr'>s1·atrem,per·</span> 
     </span>
     <span class='ocr_line' id='line_1_30' title="bbox 167 2909 1831 2983; baseline -0.001 -16"><span class='ocrx_word' id='word_1_380' title='bbox 167 2927 201 2967; x_wconf 82' lang='lat' dir='ltr'>ra</span> <span class='ocrx_word' id='word_1_381' title='bbox 216 2927 282 2965; x_wconf 89' lang='lat' dir='ltr'>maa</span> <span class='ocrx_word' id='word_1_382' title='bbox 297 2926 379 2964; x_wconf 91' lang='lat' dir='ltr'>nsum</span> <span class='ocrx_word' id='word_1_383' title='bbox 392 2909 515 2965; x_wconf 89' lang='lat' dir='ltr'>liberum</span> <span class='ocrx_word' id='word_1_384' title='bbox 529 2911 720 2967; x_wconf 88' lang='lat' dir='ltr'>mineriarum</span> <span class='ocrx_word' id='word_1_385' title='bbox 732 2913 796 2968; x_wconf 75' lang='lat' dir='ltr'>eris</span> <span class='ocrx_word' id='word_1_386' title='bbox 813 2918 842 2969; x_wconf 88' lang='lat' dir='ltr'>et</span> <span class='ocrx_word' id='word_1_387' title='bbox 854 2914 933 2981; x_wconf 85' lang='lat' dir='ltr'>terri,</span> <span class='ocrx_word' id='word_1_388' title='bbox 945 2919 975 2971; x_wconf 91' lang='lat' dir='ltr'>et</span> <span class='ocrx_word' id='word_1_389' title='bbox 1024 2910 1147 2966; x_wconf 86' lang='lat' dir='ltr'>tinentia</span> <span class='ocrx_word' id='word_1_390' title='bbox 1159 2913 1221 2964; x_wconf 87' lang='lat' dir='ltr'>turn</span> <span class='ocrx_word' id='word_1_391' title='bbox 1237 2913 1340 2976; x_wconf 87' lang='lat' dir='ltr'>eastra,</span> <span class='ocrx_word' id='word_1_392' title='bbox 1355 2913 1417 2964; x_wconf 86' lang='lat' dir='ltr'>turn</span> <span class='ocrx_word' id='word_1_393' title='bbox 1434 2911 1550 2982; x_wconf 93' lang='lat' dir='ltr'>oppida,</span> <span class='ocrx_word' id='word_1_394' title='bbox 1566 2911 1684 2983; x_wconf 80' lang='lat' dir='ltr'>hecque</span> <span class='ocrx_word' id='word_1_395' title='bbox 1697 2913 1831 2967; x_wconf 62' lang='lat' dir='ltr'>intertia-</span> 
     </span>
     <span class='ocr_line' id='line_1_31' title="bbox 167 2998 1830 3098; baseline -0.002 -40"><span class='ocrx_word' id='word_1_396' title='bbox 167 3018 274 3075; x_wconf 89' lang='lat' dir='ltr'>pascua</span> <span class='ocrx_word' id='word_1_397' title='bbox 282 3000 373 3055; x_wconf 88' lang='lat' dir='ltr'>libera</span> <span class='ocrx_word' id='word_1_398' title='bbox 388 2999 418 3054; x_wconf 90' lang='lat' dir='ltr'>in</span> <span class='ocrx_word' id='word_1_399' title='bbox 431 3001 534 3055; x_wconf 87' lang='lat' dir='ltr'>codem</span> <span class='ocrx_word' id='word_1_400' title='bbox 547 3004 624 3056; x_wconf 86' lang='lat' dir='ltr'>terra</span> <span class='ocrx_word' id='word_1_401' title='bbox 646 3017 712 3056; x_wconf 91' lang='lat' dir='ltr'>mea</span> <span class='ocrx_word' id='word_1_402' title='bbox 728 3018 780 3074; x_wconf 91' lang='lat' dir='ltr'>pro</span> <span class='ocrx_word' id='word_1_403' title='bbox 803 3002 974 3058; x_wconf 87' lang='lat' dir='ltr'>animalibus</span> <span class='ocrx_word' id='word_1_404' title='bbox 989 2999 1203 3098; x_wconf 76' lang='lat' dir='ltr'>Cstri-Villam,</span> <span class='ocrx_word' id='word_1_405' title='bbox 1220 2998 1376 3070; x_wconf 89' lang='lat' dir='ltr'>occupavit,</span> <span class='ocrx_word' id='word_1_406' title='bbox 1395 3015 1518 3071; x_wconf 84' lang='lat' dir='ltr'>cunique</span> <span class='ocrx_word' id='word_1_407' title='bbox 1547 2999 1620 3068; x_wconf 74' lang='lat' dir='ltr'>haee,</span> <span class='ocrx_word' id='word_1_408' title='bbox 1642 3000 1739 3055; x_wconf 89' lang='lat' dir='ltr'>audita</span> <span class='ocrx_word' id='word_1_409' title='bbox 1763 3001 1830 3055; x_wconf 85' lang='lat' dir='ltr'>licet</span> 
     </span>
     <span class='ocr_line' id='line_1_32' title="bbox 167 3085 1828 3161; baseline -0.001 -17"><span class='ocrx_word' id='word_1_410' title='bbox 167 3087 296 3161; x_wconf 84' lang='lat' dir='ltr'>ejusdem</span> <span class='ocrx_word' id='word_1_411' title='bbox 307 3085 448 3152; x_wconf 73' lang='lat' dir='ltr'>Ecclesia,</span> <span class='ocrx_word' id='word_1_412' title='bbox 462 3090 548 3158; x_wconf 89' lang='lat' dir='ltr'>atque</span> <span class='ocrx_word' id='word_1_413' title='bbox 564 3088 728 3155; x_wconf 88' lang='lat' dir='ltr'>custodum,</span> <span class='ocrx_word' id='word_1_414' title='bbox 746 3106 798 3144; x_wconf 88' lang='lat' dir='ltr'>nco</span> <span class='ocrx_word' id='word_1_415' title='bbox 811 3107 869 3145; x_wconf 90' lang='lat' dir='ltr'>non</span> <span class='ocrx_word' id='word_1_416' title='bbox 883 3094 912 3145; x_wconf 91' lang='lat' dir='ltr'>et</span> <span class='ocrx_word' id='word_1_417' title='bbox 924 3109 973 3147; x_wconf 85' lang='lat' dir='ltr'>eo·</span> <span class='ocrx_word' id='word_1_418' title='bbox 1024 3087 1179 3142; x_wconf 87' lang='lat' dir='ltr'>memorati</span> <span class='ocrx_word' id='word_1_419' title='bbox 1197 3086 1322 3140; x_wconf 87' lang='lat' dir='ltr'>rumoris</span> <span class='ocrx_word' id='word_1_420' title='bbox 1334 3086 1466 3153; x_wconf 79' lang='lat' dir='ltr'>falsitate,</span> <span class='ocrx_word' id='word_1_421' title='bbox 1488 3087 1607 3142; x_wconf 90' lang='lat' dir='ltr'>domino</span> <span class='ocrx_word' id='word_1_422' title='bbox 1622 3105 1673 3142; x_wconf 89' lang='lat' dir='ltr'>suo</span> <span class='ocrx_word' id='word_1_423' title='bbox 1686 3088 1828 3160; x_wconf 87' lang='lat' dir='ltr'>legitimo,</span> 
     </span>
     <span class='ocr_line' id='line_1_33' title="bbox 168 3172 1828 3246; baseline 0.001 -15"><span class='ocrx_word' id='word_1_424' title='bbox 168 3191 245 3240; x_wconf 87' lang='lat' dir='ltr'>rum,</span> <span class='ocrx_word' id='word_1_425' title='bbox 269 3172 317 3245; x_wconf 92' lang='lat' dir='ltr'>qui</span> <span class='ocrx_word' id='word_1_426' title='bbox 347 3172 376 3227; x_wconf 91' lang='lat' dir='ltr'>in</span> <span class='ocrx_word' id='word_1_427' title='bbox 403 3173 485 3228; x_wconf 88' lang='lat' dir='ltr'>dictis</span> <span class='ocrx_word' id='word_1_428' title='bbox 514 3174 653 3229; x_wconf 83' lang='lat' dir='ltr'>casalibus</span> <span class='ocrx_word' id='word_1_429' title='bbox 671 3176 813 3231; x_wconf 87' lang='lat' dir='ltr'>habitant.</span> <span class='ocrx_word' id='word_1_430' title='bbox 840 3178 973 3235; x_wconf 89' lang='lat' dir='ltr'>Concedo</span> <span class='ocrx_word' id='word_1_431' title='bbox 1024 3175 1142 3230; x_wconf 82' lang='lat' dir='ltr'>Habilire</span> <span class='ocrx_word' id='word_1_432' title='bbox 1159 3175 1254 3230; x_wconf 87' lang='lat' dir='ltr'>uxoris</span> <span class='ocrx_word' id='word_1_433' title='bbox 1269 3175 1305 3230; x_wconf 92' lang='lat' dir='ltr'>ad</span> <span class='ocrx_word' id='word_1_434' title='bbox 1317 3175 1424 3246; x_wconf 83' lang='lat' dir='ltr'>illajus</span> <span class='ocrx_word' id='word_1_435' title='bbox 1444 3179 1613 3246; x_wconf 75' lang='lat' dir='ltr'>praeterera,</span> <span class='ocrx_word' id='word_1_436' title='bbox 1631 3178 1753 3233; x_wconf 88' lang='lat' dir='ltr'>reddero</span> <span class='ocrx_word' id='word_1_437' title='bbox 1769 3197 1828 3233; x_wconf 91' lang='lat' dir='ltr'>nou</span> 
     </span>
     <span class='ocr_line' id='line_1_34' title="bbox 168 3261 1829 3339; baseline 0.002 -20"><span class='ocrx_word' id='word_1_438' title='bbox 168 3263 266 3330; x_wconf 86' lang='lat' dir='ltr'>etiarn,</span> <span class='ocrx_word' id='word_1_439' title='bbox 281 3266 313 3316; x_wconf 94' lang='lat' dir='ltr'>ut</span> <span class='ocrx_word' id='word_1_440' title='bbox 324 3261 400 3317; x_wconf 91' lang='lat' dir='ltr'>dicta</span> <span class='ocrx_word' id='word_1_441' title='bbox 415 3261 538 3316; x_wconf 87' lang='lat' dir='ltr'>Ecclesia</span> <span class='ocrx_word' id='word_1_442' title='bbox 553 3263 644 3318; x_wconf 90' lang='lat' dir='ltr'>eremi</span> <span class='ocrx_word' id='word_1_443' title='bbox 659 3266 880 3322; x_wconf 89' lang='lat' dir='ltr'>commendatos</span> <span class='ocrx_word' id='word_1_444' title='bbox 888 3269 975 3324; x_wconf 87' lang='lat' dir='ltr'>habe·</span> <span class='ocrx_word' id='word_1_445' title='bbox 1024 3265 1118 3330; x_wconf 81' lang='lat' dir='ltr'>vellet,</span> <span class='ocrx_word' id='word_1_446' title='bbox 1138 3264 1299 3319; x_wconf 85' lang='lat' dir='ltr'>bellacum</span> <span class='ocrx_word' id='word_1_447' title='bbox 1316 3263 1371 3318; x_wconf 84' lang='lat' dir='ltr'>dux</span> <span class='ocrx_word' id='word_1_448' title='bbox 1400 3264 1539 3335; x_wconf 87' lang='lat' dir='ltr'>Hogerius</span> <span class='ocrx_word' id='word_1_449' title='bbox 1565 3265 1695 3337; x_wconf 88' lang='lat' dir='ltr'>appetiit,</span> <span class='ocrx_word' id='word_1_450' title='bbox 1714 3284 1829 3339; x_wconf 89' lang='lat' dir='ltr'>unaque</span> 
     </span>
     <span class='ocr_line' id='line_1_35' title="bbox 167 3347 1830 3427; baseline 0.002 -21"><span class='ocrx_word' id='word_1_451' title='bbox 167 3366 200 3406; x_wconf 85' lang='lat' dir='ltr'>re</span> <span class='ocrx_word' id='word_1_452' title='bbox 213 3348 301 3422; x_wconf 90' lang='lat' dir='ltr'>possit</span> <span class='ocrx_word' id='word_1_453' title='bbox 316 3347 345 3402; x_wconf 93' lang='lat' dir='ltr'>in</span> <span class='ocrx_word' id='word_1_454' title='bbox 356 3364 443 3418; x_wconf 88' lang='lat' dir='ltr'>snpra</span> <span class='ocrx_word' id='word_1_455' title='bbox 465 3349 546 3404; x_wconf 90' lang='lat' dir='ltr'>dictis</span> <span class='ocrx_word' id='word_1_456' title='bbox 563 3351 704 3407; x_wconf 85' lang='lat' dir='ltr'>casalibus</span> <span class='ocrx_word' id='word_1_457' title='bbox 717 3356 746 3407; x_wconf 92' lang='lat' dir='ltr'>et</span> <span class='ocrx_word' id='word_1_458' title='bbox 759 3354 838 3421; x_wconf 86' lang='lat' dir='ltr'>locis,</span> <span class='ocrx_word' id='word_1_459' title='bbox 855 3372 918 3426; x_wconf 86' lang='lat' dir='ltr'>quoe</span> <span class='ocrx_word' id='word_1_460' title='bbox 934 3356 973 3412; x_wconf 86' lang='lat' dir='ltr'>ei·</span> <span class='ocrx_word' id='word_1_461' title='bbox 1024 3369 1089 3408; x_wconf 90' lang='lat' dir='ltr'>cum</span> <span class='ocrx_word' id='word_1_462' title='bbox 1101 3352 1224 3424; x_wconf 72' lang='lat' dir='ltr'>lingerio</span> <span class='ocrx_word' id='word_1_463' title='bbox 1237 3353 1354 3420; x_wconf 89' lang='lat' dir='ltr'>comite,</span> <span class='ocrx_word' id='word_1_464' title='bbox 1369 3357 1471 3423; x_wconf 87' lang='lat' dir='ltr'>patruo</span> <span class='ocrx_word' id='word_1_465' title='bbox 1485 3369 1546 3421; x_wconf 91' lang='lat' dir='ltr'>suo,</span> <span class='ocrx_word' id='word_1_466' title='bbox 1555 3355 1602 3425; x_wconf 91' lang='lat' dir='ltr'>qui</span> <span class='ocrx_word' id='word_1_467' title='bbox 1617 3354 1642 3409; x_wconf 89' lang='lat' dir='ltr'>ei</span> <span class='ocrx_word' id='word_1_468' title='bbox 1656 3371 1717 3410; x_wconf 89' lang='lat' dir='ltr'>sese</span> <span class='ocrx_word' id='word_1_469' title='bbox 1729 3356 1830 3427; x_wconf 87' lang='lat' dir='ltr'>adjun-</span> 
     </span>
     <span class='ocr_line' id='line_1_36' title="bbox 169 3435 1830 3514; baseline 0.002 -19"><span class='ocrx_word' id='word_1_470' title='bbox 169 3438 236 3495; x_wconf 84' lang='lat' dir='ltr'>dcm</span> <span class='ocrx_word' id='word_1_471' title='bbox 251 3436 381 3493; x_wconf 74' lang='lat' dir='ltr'>Ecclesia</span> <span class='ocrx_word' id='word_1_472' title='bbox 396 3435 473 3491; x_wconf 76' lang='lat' dir='ltr'>dedi.</span> <span class='ocrx_word' id='word_1_473' title='bbox 488 3437 578 3493; x_wconf 86' lang='lat' dir='ltr'>Nemo</span> <span class='ocrx_word' id='word_1_474' title='bbox 595 3439 625 3494; x_wconf 94' lang='lat' dir='ltr'>in</span> <span class='ocrx_word' id='word_1_475' title='bbox 641 3457 726 3513; x_wconf 90' lang='lat' dir='ltr'>supra</span> <span class='ocrx_word' id='word_1_476' title='bbox 742 3441 973 3501; x_wconf 89' lang='lat' dir='ltr'>dictislocissuo</span> <span class='ocrx_word' id='word_1_477' title='bbox 1024 3445 1114 3507; x_wconf 86' lang='lat' dir='ltr'>xerat,</span> <span class='ocrx_word' id='word_1_478' title='bbox 1143 3441 1352 3496; x_wconf 82' lang='lat' dir='ltr'>Casiri-Villam</span> <span class='ocrx_word' id='word_1_479' title='bbox 1377 3441 1498 3508; x_wconf 86' lang='lat' dir='ltr'>obsedit,</span> <span class='ocrx_word' id='word_1_480' title='bbox 1525 3458 1558 3497; x_wconf 90' lang='lat' dir='ltr'>ac</span> <span class='ocrx_word' id='word_1_481' title='bbox 1587 3445 1769 3514; x_wconf 85' lang='lat' dir='ltr'>expugnavit.</span> <span class='ocrx_word' id='word_1_482' title='bbox 1793 3446 1830 3500; x_wconf 73' lang='lat' dir='ltr'>At</span> 
     </span>
     <span class='ocr_line' id='line_1_37' title="bbox 167 3523 1830 3604; baseline 0.003 -22"><span class='ocrx_word' id='word_1_483' title='bbox 167 3527 211 3583; x_wconf 83' lang='lat' dir='ltr'>rol</span> <span class='ocrx_word' id='word_1_484' title='bbox 224 3541 290 3580; x_wconf 88' lang='lat' dir='ltr'>meo</span> <span class='ocrx_word' id='word_1_485' title='bbox 304 3523 422 3579; x_wconf 86' lang='lat' dir='ltr'>nomine</span> <span class='ocrx_word' id='word_1_486' title='bbox 438 3524 679 3583; x_wconf 83' lang='lat' dir='ltr'>authaeredumet</span> <span class='ocrx_word' id='word_1_487' title='bbox 692 3545 887 3586; x_wconf 88' lang='lat' dir='ltr'>successorum</span> <span class='ocrx_word' id='word_1_488' title='bbox 896 3549 975 3588; x_wconf 88' lang='lat' dir='ltr'>meo·</span> <span class='ocrx_word' id='word_1_489' title='bbox 1024 3529 1134 3585; x_wconf 84' lang='lat' dir='ltr'>veroin</span> <span class='ocrx_word' id='word_1_490' title='bbox 1148 3529 1196 3584; x_wconf 92' lang='lat' dir='ltr'>illo</span> <span class='ocrx_word' id='word_1_491' title='bbox 1213 3528 1328 3600; x_wconf 87' lang='lat' dir='ltr'>Hogerii</span> <span class='ocrx_word' id='word_1_492' title='bbox 1338 3529 1452 3583; x_wconf 90' lang='lat' dir='ltr'>comitis</span> <span class='ocrx_word' id='word_1_493' title='bbox 1467 3530 1624 3601; x_wconf 88' lang='lat' dir='ltr'>diplomate</span> <span class='ocrx_word' id='word_1_494' title='bbox 1644 3531 1710 3598; x_wconf 87' lang='lat' dir='ltr'>alia,</span> <span class='ocrx_word' id='word_1_495' title='bbox 1727 3549 1791 3604; x_wconf 84' lang='lat' dir='ltr'>qnae</span> <span class='ocrx_word' id='word_1_496' title='bbox 1801 3533 1830 3588; x_wconf 92' lang='lat' dir='ltr'>id</span> 
     </span>
     <span class='ocr_line' id='line_1_38' title="bbox 166 3613 1829 3691; baseline 0.002 -19"><span class='ocrx_word' id='word_1_497' title='bbox 166 3633 233 3673; x_wconf 82' lang='lat' dir='ltr'>rum</span> <span class='ocrx_word' id='word_1_498' title='bbox 249 3613 456 3687; x_wconf 78' lang='lat' dir='ltr'>prasumatjus</span> <span class='ocrx_word' id='word_1_499' title='bbox 467 3613 584 3687; x_wconf 87' lang='lat' dir='ltr'>aliquod</span> <span class='ocrx_word' id='word_1_500' title='bbox 599 3619 733 3690; x_wconf 86' lang='lat' dir='ltr'>prosequi</span> <span class='ocrx_word' id='word_1_501' title='bbox 745 3621 974 3689; x_wconf 84' lang='lat' dir='ltr'>velhabere,nee</span> <span class='ocrx_word' id='word_1_502' title='bbox 1023 3618 1098 3673; x_wconf 87' lang='lat' dir='ltr'>forte</span> <span class='ocrx_word' id='word_1_503' title='bbox 1114 3635 1173 3673; x_wconf 92' lang='lat' dir='ltr'>non</span> <span class='ocrx_word' id='word_1_504' title='bbox 1188 3618 1297 3674; x_wconf 89' lang='lat' dir='ltr'>nemini</span> <span class='ocrx_word' id='word_1_505' title='bbox 1308 3621 1473 3691; x_wconf 83' lang='lat' dir='ltr'>suspectum</span> <span class='ocrx_word' id='word_1_506' title='bbox 1485 3620 1597 3686; x_wconf 90' lang='lat' dir='ltr'>reddat,</span> <span class='ocrx_word' id='word_1_507' title='bbox 1612 3620 1766 3676; x_wconf 81' lang='lat' dir='ltr'>difficultas</span> <span class='ocrx_word' id='word_1_508' title='bbox 1785 3638 1829 3677; x_wconf 91' lang='lat' dir='ltr'>oc·</span> 
     </span>
     <span class='ocr_line' id='line_1_39' title="bbox 168 3703 1829 3781; baseline 0.005 -23"><span class='ocrx_word' id='word_1_509' title='bbox 168 3721 234 3778; x_wconf 85' lang='lat' dir='ltr'>ago,</span> <span class='ocrx_word' id='word_1_510' title='bbox 257 3705 306 3760; x_wconf 90' lang='lat' dir='ltr'>sed</span> <span class='ocrx_word' id='word_1_511' title='bbox 322 3703 421 3759; x_wconf 91' lang='lat' dir='ltr'>omnia</span> <span class='ocrx_word' id='word_1_512' title='bbox 434 3709 639 3762; x_wconf 84' lang='lat' dir='ltr'>conserventur</span> <span class='ocrx_word' id='word_1_513' title='bbox 651 3707 746 3763; x_wconf 86' lang='lat' dir='ltr'>eidem</span> <span class='ocrx_word' id='word_1_514' title='bbox 762 3710 893 3765; x_wconf 76' lang='lat' dir='ltr'>Ecclesia</span> <span class='ocrx_word' id='word_1_515' title='bbox 907 3710 973 3767; x_wconf 90' lang='lat' dir='ltr'>soli·</span> <span class='ocrx_word' id='word_1_516' title='bbox 1024 3710 1120 3763; x_wconf 77' lang='lat' dir='ltr'>currit.</span> <span class='ocrx_word' id='word_1_517' title='bbox 1136 3708 1207 3763; x_wconf 73' lang='lat' dir='ltr'>(turn</span> <span class='ocrx_word' id='word_1_518' title='bbox 1218 3707 1306 3774; x_wconf 90' lang='lat' dir='ltr'>euim,</span> <span class='ocrx_word' id='word_1_519' title='bbox 1321 3711 1353 3762; x_wconf 91' lang='lat' dir='ltr'>ut</span> <span class='ocrx_word' id='word_1_520' title='bbox 1367 3723 1453 3778; x_wconf 89' lang='lat' dir='ltr'>supra</span> <span class='ocrx_word' id='word_1_521' title='bbox 1467 3708 1560 3776; x_wconf 88' lang='lat' dir='ltr'>docui,</span> <span class='ocrx_word' id='word_1_522' title='bbox 1580 3710 1718 3781; x_wconf 84' lang='lat' dir='ltr'>Rogerius</span> <span class='ocrx_word' id='word_1_523' title='bbox 1732 3728 1829 3766; x_wconf 86' lang='lat' dir='ltr'>eomas</span> 
     </span>
     <span class='ocr_line' id='line_1_40' title="bbox 166 3792 1827 3868; baseline 0.004 -21"><span class='ocrx_word' id='word_1_524' title='bbox 166 3793 205 3851; x_wconf 87' lang='lat' dir='ltr'>da</span> <span class='ocrx_word' id='word_1_525' title='bbox 221 3797 250 3848; x_wconf 89' lang='lat' dir='ltr'>et</span> <span class='ocrx_word' id='word_1_526' title='bbox 263 3793 381 3860; x_wconf 88' lang='lat' dir='ltr'>intacta,</span> <span class='ocrx_word' id='word_1_527' title='bbox 399 3792 466 3865; x_wconf 91' lang='lat' dir='ltr'>quia</span> <span class='ocrx_word' id='word_1_528' title='bbox 484 3809 587 3864; x_wconf 88' lang='lat' dir='ltr'>parum</span> <span class='ocrx_word' id='word_1_529' title='bbox 604 3798 647 3850; x_wconf 89' lang='lat' dir='ltr'>cst</span> <span class='ocrx_word' id='word_1_530' title='bbox 662 3812 714 3866; x_wconf 90' lang='lat' dir='ltr'>pro</span> <span class='ocrx_word' id='word_1_531' title='bbox 731 3797 781 3852; x_wconf 88' lang='lat' dir='ltr'>Dei</span> <span class='ocrx_word' id='word_1_532' title='bbox 794 3814 894 3854; x_wconf 84' lang='lat' dir='ltr'>amore</span> <span class='ocrx_word' id='word_1_533' title='bbox 916 3801 973 3855; x_wconf 81' lang='lat' dir='ltr'>suis</span> <span class='ocrx_word' id='word_1_534' title='bbox 1023 3811 1038 3850; x_wconf 88' lang='lat' dir='ltr'>e</span> <span class='ocrx_word' id='word_1_535' title='bbox 1052 3795 1142 3868; x_wconf 91' lang='lat' dir='ltr'>priori</span> <span class='ocrx_word' id='word_1_536' title='bbox 1158 3812 1245 3850; x_wconf 88' lang='lat' dir='ltr'>uxore</span> <span class='ocrx_word' id='word_1_537' title='bbox 1260 3812 1311 3850; x_wconf 86' lang='lat' dir='ltr'>sua</span> <span class='ocrx_word' id='word_1_538' title='bbox 1324 3795 1433 3863; x_wconf 81' lang='lat' dir='ltr'>iudith,</span> <span class='ocrx_word' id='word_1_539' title='bbox 1448 3813 1508 3861; x_wconf 89' lang='lat' dir='ltr'>seu,</span> <span class='ocrx_word' id='word_1_540' title='bbox 1526 3801 1557 3850; x_wconf 92' lang='lat' dir='ltr'>ut</span> <span class='ocrx_word' id='word_1_541' title='bbox 1578 3797 1661 3852; x_wconf 89' lang='lat' dir='ltr'>aliter</span> <span class='ocrx_word' id='word_1_542' title='bbox 1674 3798 1765 3854; x_wconf 87' lang='lat' dir='ltr'>etiarn</span> <span class='ocrx_word' id='word_1_543' title='bbox 1778 3816 1827 3854; x_wconf 88' lang='lat' dir='ltr'>vo-</span> 
     </span>
     <span class='ocr_line' id='line_1_41' title="bbox 166 3881 1828 3959; baseline 0.004 -23"><span class='ocrx_word' id='word_1_544' title='bbox 166 3881 294 3937; x_wconf 86' lang='lat' dir='ltr'>tribucre</span> <span class='ocrx_word' id='word_1_545' title='bbox 307 3881 433 3947; x_wconf 84' lang='lat' dir='ltr'>famulis,</span> <span class='ocrx_word' id='word_1_546' title='bbox 453 3881 500 3952; x_wconf 91' lang='lat' dir='ltr'>qui</span> <span class='ocrx_word' id='word_1_547' title='bbox 528 3882 600 3936; x_wconf 92' lang='lat' dir='ltr'>mihi</span> <span class='ocrx_word' id='word_1_548' title='bbox 624 3884 716 3938; x_wconf 89' lang='lat' dir='ltr'>multa</span> <span class='ocrx_word' id='word_1_549' title='bbox 744 3885 877 3956; x_wconf 70' lang='lat' dir='ltr'>praestitit</span> <span class='ocrx_word' id='word_1_550' title='bbox 891 3889 972 3958; x_wconf 87' lang='lat' dir='ltr'>larga</span> <span class='ocrx_word' id='word_1_551' title='bbox 1023 3887 1113 3951; x_wconf 88' lang='lat' dir='ltr'>catur,</span> <span class='ocrx_word' id='word_1_552' title='bbox 1130 3883 1341 3938; x_wconf 87' lang='lat' dir='ltr'>Delicianullos</span> <span class='ocrx_word' id='word_1_553' title='bbox 1357 3885 1828 3959; x_wconf 72' lang='lat' dir='ltr'>prorsusliborosbabuerit,prar-</span> 
     </span>
     <span class='ocr_line' id='line_1_42' title="bbox 167 3968 1826 4046; baseline 0.004 -22"><span class='ocrx_word' id='word_1_554' title='bbox 167 3968 374 4025; x_wconf 83' lang='lat' dir='ltr'>maouSirero</span> <span class='ocrx_word' id='word_1_555' title='bbox 386 3983 509 4039; x_wconf 88' lang='lat' dir='ltr'>persona</span> <span class='ocrx_word' id='word_1_556' title='bbox 520 3968 626 4041; x_wconf 88' lang='lat' dir='ltr'>aliqua,</span> <span class='ocrx_word' id='word_1_557' title='bbox 640 3971 713 4025; x_wconf 86' lang='lat' dir='ltr'>tilius</span> <span class='ocrx_word' id='word_1_558' title='bbox 723 3976 861 4028; x_wconf 87' lang='lat' dir='ltr'>meusaut</span> <span class='ocrx_word' id='word_1_559' title='bbox 871 3974 972 4046; x_wconf 91' lang='lat' dir='ltr'>aliquis</span> <span class='ocrx_word' id='word_1_560' title='bbox 1021 3974 1123 4043; x_wconf 88' lang='lat' dir='ltr'>terque</span> <span class='ocrx_word' id='word_1_561' title='bbox 1135 3973 1230 4042; x_wconf 87' lang='lat' dir='ltr'>plures</span> <span class='ocrx_word' id='word_1_562' title='bbox 1243 3972 1317 4026; x_wconf 60' lang='lat' dir='ltr'>llrias</span> <span class='ocrx_word' id='word_1_563' title='bbox 1336 3970 1454 4026; x_wconf 88' lang='lat' dir='ltr'>unicum</span> <span class='ocrx_word' id='word_1_564' title='bbox 1481 3973 1621 4028; x_wconf 85' lang='lat' dir='ltr'>duntaxat</span> <span class='ocrx_word' id='word_1_565' title='bbox 1642 3974 1734 4029; x_wconf 89' lang='lat' dir='ltr'>lilium</span> <span class='ocrx_word' id='word_1_566' title='bbox 1750 3992 1766 4030; x_wconf 89' lang='lat' dir='ltr'>e</span> <span class='ocrx_word' id='word_1_567' title='bbox 1781 3992 1826 4030; x_wconf 90' lang='lat' dir='ltr'>se-</span> 
     </span>
     <span class='ocr_line' id='line_1_43' title="bbox 166 4055 1827 4137; baseline 0.006 -26"><span class='ocrx_word' id='word_1_568' title='bbox 166 4056 259 4111; x_wconf 80' lang='lat' dir='ltr'>hreres</span> <span class='ocrx_word' id='word_1_569' title='bbox 274 4056 323 4109; x_wconf 91' lang='lat' dir='ltr'>aut</span> <span class='ocrx_word' id='word_1_570' title='bbox 337 4071 480 4109; x_wconf 87' lang='lat' dir='ltr'>successor</span> <span class='ocrx_word' id='word_1_571' title='bbox 494 4055 549 4110; x_wconf 92' lang='lat' dir='ltr'>hoc</span> <span class='ocrx_word' id='word_1_572' title='bbox 563 4074 662 4112; x_wconf 91' lang='lat' dir='ltr'>mcum</span> <span class='ocrx_word' id='word_1_573' title='bbox 678 4061 970 4130; x_wconf 85' lang='lat' dir='ltr'>quassaveritdonnm</span> <span class='ocrx_word' id='word_1_574' title='bbox 1021 4061 1301 4131; x_wconf 89' lang='lat' dir='ltr'>eunda,Elemburga</span> <span class='ocrx_word' id='word_1_575' title='bbox 1307 4077 1356 4115; x_wconf 87' lang='lat' dir='ltr'>seu</span> <span class='ocrx_word' id='word_1_576' title='bbox 1363 4062 1540 4133; x_wconf 82' lang='lat' dir='ltr'>Ereurbnrga</span> <span class='ocrx_word' id='word_1_577' title='bbox 1547 4063 1754 4134; x_wconf 88' lang='lat' dir='ltr'>cognominata</span> <span class='ocrx_word' id='word_1_578' title='bbox 1761 4082 1827 4137; x_wconf 75' lang='lat' dir='ltr'>quse</span> 
     </span>
     <span class='ocr_line' id='line_1_44' title="bbox 167 4140 1823 4224; baseline 0.006 -26"><span class='ocrx_word' id='word_1_579' title='bbox 167 4158 217 4198; x_wconf 84' lang='lat' dir='ltr'>seu</span> <span class='ocrx_word' id='word_1_580' title='bbox 233 4140 505 4214; x_wconf 80' lang='lat' dir='ltr'>privilegium,prihi</span> <span class='ocrx_word' id='word_1_581' title='bbox 517 4143 561 4197; x_wconf 89' lang='lat' dir='ltr'>vel</span> <span class='ocrx_word' id='word_1_582' title='bbox 571 4145 771 4215; x_wconf 86' lang='lat' dir='ltr'>posterismeis</span> <span class='ocrx_word' id='word_1_583' title='bbox 782 4152 831 4203; x_wconf 91' lang='lat' dir='ltr'>aut</span> <span class='ocrx_word' id='word_1_584' title='bbox 840 4150 970 4206; x_wconf 77' lang='lat' dir='ltr'>Ecclesia</span> <span class='ocrx_word' id='word_1_585' title='bbox 1021 4165 1098 4203; x_wconf 89' lang='lat' dir='ltr'>anno</span> <span class='ocrx_word' id='word_1_586' title='bbox 1111 4149 1243 4218; x_wconf 74' lang='lat' dir='ltr'>sotejam</span> <span class='ocrx_word' id='word_1_587' title='bbox 1256 4147 1688 4221; x_wconf 88' lang='lat' dir='ltr'>obierat‚prucrearit,undeaut</span> <span class='ocrx_word' id='word_1_588' title='bbox 1697 4153 1823 4224; x_wconf 86' lang='lat' dir='ltr'>quisille,</span> 
     </span>
     <span class='ocr_line' id='line_1_45' title="bbox 167 4228 1825 4312; baseline 0.007 -26"><span class='ocrx_word' id='word_1_589' title='bbox 167 4230 306 4286; x_wconf 72' lang='lat' dir='ltr'>Romanae</span> <span class='ocrx_word' id='word_1_590' title='bbox 318 4232 435 4284; x_wconf 89' lang='lat' dir='ltr'>centum</span> <span class='ocrx_word' id='word_1_591' title='bbox 449 4228 537 4284; x_wconf 87' lang='lat' dir='ltr'>libras</span> <span class='ocrx_word' id='word_1_592' title='bbox 551 4231 613 4285; x_wconf 89' lang='lat' dir='ltr'>auri</span> <span class='ocrx_word' id='word_1_593' title='bbox 629 4235 779 4305; x_wconf 85' lang='lat' dir='ltr'>persolvat,</span> <span class='ocrx_word' id='word_1_594' title='bbox 792 4235 845 4291; x_wconf 90' lang='lat' dir='ltr'>nisi</span> <span class='ocrx_word' id='word_1_595' title='bbox 855 4237 891 4292; x_wconf 89' lang='lat' dir='ltr'>ad</span> <span class='ocrx_word' id='word_1_596' title='bbox 902 4255 970 4294; x_wconf 90' lang='lat' dir='ltr'>con·</span> <span class='ocrx_word' id='word_1_597' title='bbox 1020 4237 1069 4310; x_wconf 92' lang='lat' dir='ltr'>qui</span> <span class='ocrx_word' id='word_1_598' title='bbox 1084 4237 1204 4295; x_wconf 84' lang='lat' dir='ltr'>recitato</span> <span class='ocrx_word' id='word_1_599' title='bbox 1217 4236 1367 4309; x_wconf 86' lang='lat' dir='ltr'>diplomati</span> <span class='ocrx_word' id='word_1_600' title='bbox 1377 4239 1571 4307; x_wconf 89' lang='lat' dir='ltr'>subscribitur,</span> <span class='ocrx_word' id='word_1_601' title='bbox 1587 4240 1701 4312; x_wconf 85' lang='lat' dir='ltr'>Hogerii</span> <span class='ocrx_word' id='word_1_602' title='bbox 1712 4242 1825 4297; x_wconf 87' lang='lat' dir='ltr'>comitis</span> 
     </span>
     <span class='ocr_line' id='line_1_46' title="bbox 150 4307 1823 4396; baseline 0.007 -24"><span class='ocrx_word' id='word_1_603' title='bbox 150 4307 287 4390; x_wconf 79' lang='lat' dir='ltr'>&#39;dignam</span> <span class='ocrx_word' id='word_1_604' title='bbox 301 4316 412 4372; x_wconf 88' lang='lat' dir='ltr'>venerit</span> <span class='ocrx_word' id='word_1_605' title='bbox 439 4317 674 4382; x_wconf 81' lang='lat' dir='ltr'>satisfactionem,</span> <span class='ocrx_word' id='word_1_606' title='bbox 698 4322 821 4378; x_wconf 81' lang='lat' dir='ltr'>fratrum</span> <span class='ocrx_word' id='word_1_607' title='bbox 852 4325 890 4380; x_wconf 93' lang='lat' dir='ltr'>ibi</span> <span class='ocrx_word' id='word_1_608' title='bbox 911 4328 970 4383; x_wconf 87' lang='lat' dir='ltr'>Deo</span> <span class='ocrx_word' id='word_1_609' title='bbox 982 4328 1009 4386; x_wconf 91' lang='lat' dir='ltr'>D</span> <span class='ocrx_word' id='word_1_610' title='bbox 1020 4324 1363 4396; x_wconf 80' lang='lat' dir='ltr'>filiusualgeriustuune</span> <span class='ocrx_word' id='word_1_611' title='bbox 1376 4328 1556 4382; x_wconf 89' lang='lat' dir='ltr'>saueenulla</span> <span class='ocrx_word' id='word_1_612' title='bbox 1570 4345 1691 4384; x_wconf 87' lang='lat' dir='ltr'>uxorum</span> <span class='ocrx_word' id='word_1_613' title='bbox 1706 4346 1823 4384; x_wconf 85' lang='lat' dir='ltr'>suarum</span> 
     </span>
     <span class='ocr_line' id='line_1_47' title="bbox 166 4404 1824 4491; baseline 0.008 -30"><span class='ocrx_word' id='word_1_614' title='bbox 166 4404 354 4461; x_wconf 82' lang='lat' dir='ltr'>servientium</span> <span class='ocrx_word' id='word_1_615' title='bbox 367 4407 396 4458; x_wconf 87' lang='lat' dir='ltr'>et</span> <span class='ocrx_word' id='word_1_616' title='bbox 408 4409 555 4476; x_wconf 76' lang='lat' dir='ltr'>perpetuae</span> <span class='ocrx_word' id='word_1_617' title='bbox 568 4407 714 4478; x_wconf 88' lang='lat' dir='ltr'>subjaccat</span> <span class='ocrx_word' id='word_1_618' title='bbox 729 4410 920 4468; x_wconf 89' lang='lat' dir='ltr'>damnationi.</span> <span class='ocrx_word' id='word_1_619' title='bbox 1019 4415 1217 4487; x_wconf 85' lang='lat' dir='ltr'>legitimarum</span> <span class='ocrx_word' id='word_1_620' title='bbox 1233 4415 1363 4485; x_wconf 80' lang='lat' dir='ltr'>genuisse</span> <span class='ocrx_word' id='word_1_621' title='bbox 1375 4416 1512 4486; x_wconf 85' lang='lat' dir='ltr'>llogerius</span> <span class='ocrx_word' id='word_1_622' title='bbox 1524 4416 1645 4472; x_wconf 85' lang='lat' dir='ltr'>videtur.</span> <span class='ocrx_word' id='word_1_623' title='bbox 1656 4418 1824 4491; x_wconf 85' lang='lat' dir='ltr'>Quidergo&#39;?</span> 
     </span>
     <span class='ocr_line' id='line_1_48' title="bbox 203 4494 1825 4572; baseline 0.009 -23"><span class='ocrx_word' id='word_1_624' title='bbox 203 4495 264 4549; x_wconf 79' lang='lat'>585.</span> <span class='ocrx_word' id='word_1_625' title='bbox 281 4511 298 4546; x_wconf 72' lang='lat' dir='ltr'>e</span> <span class='ocrx_word' id='word_1_626' title='bbox 313 4494 377 4548; x_wconf 71' lang='lat' dir='ltr'>Haec</span> <span class='ocrx_word' id='word_1_627' title='bbox 390 4496 487 4549; x_wconf 84' lang='lat' dir='ltr'>autem</span> <span class='ocrx_word' id='word_1_628' title='bbox 501 4498 637 4550; x_wconf 89' lang='lat' dir='ltr'>actasunt</span> <span class='ocrx_word' id='word_1_629' title='bbox 650 4514 749 4554; x_wconf 87' lang='lat' dir='ltr'>mense</span> <span class='ocrx_word' id='word_1_630' title='bbox 759 4502 890 4572; x_wconf 78' lang='lat' dir='ltr'>Augusti,</span> <span class='ocrx_word' id='word_1_631' title='bbox 904 4519 971 4558; x_wconf 91' lang='lat' dir='ltr'>cum</span> <span class='ocrx_word' id='word_1_632' title='bbox 1019 4506 1063 4558; x_wconf 82' lang='lat' dir='ltr'>An</span> <span class='ocrx_word' id='word_1_633' title='bbox 1079 4504 1201 4560; x_wconf 89' lang='lat' dir='ltr'>nothum</span> <span class='ocrx_word' id='word_1_634' title='bbox 1218 4505 1369 4559; x_wconf 82' lang='lat' dir='ltr'>dicemus?</span> <span class='ocrx_word' id='word_1_635' title='bbox 1383 4506 1489 4560; x_wconf 83' lang='lat' dir='ltr'>Verum</span> <span class='ocrx_word' id='word_1_636' title='bbox 1505 4506 1825 4563; x_wconf 89' lang='lat' dir='ltr'>obstatGaulredusllla·</span> 
     </span>
     <span class='ocr_line' id='line_1_49' title="bbox 165 4581 1823 4665; baseline 0.008 -27"><span class='ocrx_word' id='word_1_637' title='bbox 165 4597 311 4654; x_wconf 81' lang='lat' dir='ltr'>regressus</span> <span class='ocrx_word' id='word_1_638' title='bbox 327 4598 418 4636; x_wconf 87' lang='lat' dir='ltr'>essem</span> <span class='ocrx_word' id='word_1_639' title='bbox 426 4581 461 4637; x_wconf 92' lang='lat' dir='ltr'>de</span> <span class='ocrx_word' id='word_1_640' title='bbox 471 4583 663 4655; x_wconf 84' lang='lat' dir='ltr'>expeditione,</span> <span class='ocrx_word' id='word_1_641' title='bbox 680 4604 768 4658; x_wconf 89' lang='lat' dir='ltr'>quam</span> <span class='ocrx_word' id='word_1_642' title='bbox 782 4588 907 4645; x_wconf 81' lang='lat' dir='ltr'>feceram</span> <span class='ocrx_word' id='word_1_643' title='bbox 927 4609 970 4647; x_wconf 91' lang='lat' dir='ltr'>su·</span> <span class='ocrx_word' id='word_1_644' title='bbox 1020 4594 1135 4660; x_wconf 91' lang='lat' dir='ltr'>laterra,</span> <span class='ocrx_word' id='word_1_645' title='bbox 1152 4593 1282 4649; x_wconf 74' lang='lat' dir='ltr'>Historiae</span> <span class='ocrx_word' id='word_1_646' title='bbox 1299 4593 1401 4649; x_wconf 78' lang='lat' dir='ltr'>Sicula</span> <span class='ocrx_word' id='word_1_647' title='bbox 1415 4594 1463 4648; x_wconf 93' lang='lat' dir='ltr'>lib.</span> <span class='ocrx_word' id='word_1_648' title='bbox 1476 4611 1511 4657; x_wconf 83' lang='lat' dir='ltr'>rr,</span> <span class='ocrx_word' id='word_1_649' title='bbox 1525 4611 1601 4665; x_wconf 81' lang='lat' dir='ltr'>cap,</span> <span class='ocrx_word' id='word_1_650' title='bbox 1616 4598 1648 4649; x_wconf 81' lang='lat' dir='ltr'>ts</span> <span class='ocrx_word' id='word_1_651' title='bbox 1666 4596 1701 4648; x_wconf 81' lang='lat' dir='ltr'>de</span> <span class='ocrx_word' id='word_1_652' title='bbox 1721 4597 1823 4652; x_wconf 86' lang='lat' dir='ltr'>Jorda-</span> 
     </span>
     <span class='ocr_line' id='line_1_50' title="bbox 166 4669 1822 4754; baseline 0.009 -29"><span class='ocrx_word' id='word_1_653' title='bbox 166 4685 219 4745; x_wconf 88' lang='lat' dir='ltr'>per</span> <span class='ocrx_word' id='word_1_654' title='bbox 230 4669 412 4726; x_wconf 81' lang='lat' dir='ltr'>Guillelmurn</span> <span class='ocrx_word' id='word_1_655' title='bbox 426 4671 496 4725; x_wconf 90' lang='lat' dir='ltr'>etab</span> <span class='ocrx_word' id='word_1_656' title='bbox 511 4672 659 4728; x_wconf 88' lang='lat' dir='ltr'>obsidione</span> <span class='ocrx_word' id='word_1_657' title='bbox 673 4676 867 4744; x_wconf 67' lang='lat' dir='ltr'>Casiri-Villae,</span> <span class='ocrx_word' id='word_1_658' title='bbox 878 4680 970 4735; x_wconf 89' lang='lat' dir='ltr'>ethoc</span> <span class='ocrx_word' id='word_1_659' title='bbox 1020 4698 1058 4737; x_wconf 93' lang='lat' dir='ltr'>no</span> <span class='ocrx_word' id='word_1_660' title='bbox 1081 4682 1395 4754; x_wconf 85' lang='lat' dir='ltr'>quicomitisllogerii,</span> <span class='ocrx_word' id='word_1_661' title='bbox 1413 4683 1453 4736; x_wconf 89' lang='lat' dir='ltr'>uti</span> <span class='ocrx_word' id='word_1_662' title='bbox 1476 4683 1555 4738; x_wconf 90' lang='lat' dir='ltr'>idem</span> <span class='ocrx_word' id='word_1_663' title='bbox 1583 4686 1749 4740; x_wconf 88' lang='lat' dir='ltr'>auctorlib.</span> <span class='ocrx_word' id='word_1_664' title='bbox 1782 4702 1822 4752; x_wconf 92' lang='grc' dir='ltr'><strong>ιιι,</strong></span> 
     </span>
     <span class='ocr_line' id='line_1_51' title="bbox 164 4757 1825 4844; baseline 0.009 -30"><span class='ocrx_word' id='word_1_665' title='bbox 164 4773 281 4814; x_wconf 87' lang='lat' dir='ltr'>mecum</span> <span class='ocrx_word' id='word_1_666' title='bbox 295 4757 477 4831; x_wconf 86' lang='lat' dir='ltr'>privilegium</span> <span class='ocrx_word' id='word_1_667' title='bbox 491 4758 527 4814; x_wconf 89' lang='lat' dir='ltr'>ad</span> <span class='ocrx_word' id='word_1_668' title='bbox 542 4765 712 4832; x_wconf 86' lang='lat' dir='ltr'>perpetuam</span> <span class='ocrx_word' id='word_1_669' title='bbox 733 4764 899 4821; x_wconf 83' lang='lat' dir='ltr'>firmitatem</span> <span class='ocrx_word' id='word_1_670' title='bbox 912 4769 971 4839; x_wconf 89' lang='lat' dir='ltr'>jus·</span> <span class='ocrx_word' id='word_1_671' title='bbox 1020 4786 1082 4842; x_wconf 91' lang='lat' dir='ltr'>cap.</span> <span class='ocrx_word' id='word_1_672' title='bbox 1100 4773 1133 4825; x_wconf 83' lang='grc'>36</span> <span class='ocrx_word' id='word_1_673' title='bbox 1142 4765 1235 4838; x_wconf 73' lang='lat' dir='ltr'>docet,</span> <span class='ocrx_word' id='word_1_674' title='bbox 1252 4771 1326 4825; x_wconf 86' lang='lat' dir='ltr'>filius</span> <span class='ocrx_word' id='word_1_675' title='bbox 1340 4771 1444 4826; x_wconf 90' lang='lat' dir='ltr'>nothus</span> <span class='ocrx_word' id='word_1_676' title='bbox 1473 4775 1545 4839; x_wconf 88' lang='lat' dir='ltr'>erat,</span> <span class='ocrx_word' id='word_1_677' title='bbox 1569 4777 1739 4844; x_wconf 87' lang='lat' dir='ltr'>sequentem</span> <span class='ocrx_word' id='word_1_678' title='bbox 1759 4773 1825 4828; x_wconf 87' lang='lat' dir='ltr'>seri-</span> 
     </span>
     <span class='ocr_line' id='line_1_52' title="bbox 163 4846 1825 4935; baseline 0.009 -33"><span class='ocrx_word' id='word_1_679' title='bbox 163 4846 364 4903; x_wconf 83' lang='lat' dir='ltr'>sietmandavi</span> <span class='ocrx_word' id='word_1_680' title='bbox 372 4846 461 4901; x_wconf 86' lang='lat' dir='ltr'>ettcci</span> <span class='ocrx_word' id='word_1_681' title='bbox 470 4849 775 4920; x_wconf 85' lang='lat' dir='ltr'>meapendontebulla</span> <span class='ocrx_word' id='word_1_682' title='bbox 783 4856 967 4911; x_wconf 90' lang='lat' dir='ltr'>communiri.</span> <span class='ocrx_word' id='word_1_683' title='bbox 1019 4857 1091 4914; x_wconf 89' lang='lat' dir='ltr'>bens</span> <span class='ocrx_word' id='word_1_684' title='bbox 1105 4858 1264 4914; x_wconf 91' lang='lat' dir='ltr'>inmodum</span> <span class='ocrx_word' id='word_1_685' title='bbox 1280 4877 1286 4914; x_wconf 74' lang='grc' dir='ltr'><strong>ι</strong></span> <span class='ocrx_word' id='word_1_686' title='bbox 1302 4859 1505 4914; x_wconf 74' lang='lat' dir='ltr'>«dardanus...</span> <span class='ocrx_word' id='word_1_687' title='bbox 1529 4860 1604 4915; x_wconf 88' lang='lat' dir='ltr'>lilius</span> <span class='ocrx_word' id='word_1_688' title='bbox 1618 4861 1744 4930; x_wconf 88' lang='lat' dir='ltr'>comitis,</span> <span class='ocrx_word' id='word_1_689' title='bbox 1761 4880 1825 4935; x_wconf 93' lang='lat' dir='ltr'>pro·</span> 
     </span>
     <span class='ocr_line' id='line_1_53' title="bbox 198 4932 1823 5023; baseline 0.004 -25"><span class='ocrx_word' id='word_1_690' title='bbox 198 4952 216 4988; x_wconf 73' lang='lat'>⁴¹</span> <span class='ocrx_word' id='word_1_691' title='bbox 228 4932 266 5007; x_wconf 66' lang='grc' dir='ltr'><em>θ</em></span> <span class='ocrx_word' id='word_1_692' title='bbox 279 4934 418 5007; x_wconf 66' lang='lat' dir='ltr'>Rossssrius</span> <span class='ocrx_word' id='word_1_693' title='bbox 431 4951 539 4991; x_wconf 71' lang='lat' dir='ltr'>0⁰mes·</span> <span class='ocrx_word' id='word_1_694' title='bbox 1018 4948 1083 5018; x_wconf 90' lang='lat' dir='ltr'>pter</span> <span class='ocrx_word' id='word_1_695' title='bbox 1095 4946 1295 5002; x_wconf 87' lang='lat' dir='ltr'>strenuitatem</span> <span class='ocrx_word' id='word_1_696' title='bbox 1312 4965 1392 5002; x_wconf 87' lang='lat' dir='ltr'>suam</span> <span class='ocrx_word' id='word_1_697' title='bbox 1416 4948 1552 5003; x_wconf 91' lang='lat' dir='ltr'>omnibus</span> <span class='ocrx_word' id='word_1_698' title='bbox 1577 4950 1719 5018; x_wconf 88' lang='lat' dir='ltr'>amabilis,</span> <span class='ocrx_word' id='word_1_699' title='bbox 1736 4969 1823 5023; x_wconf 86' lang='lat' dir='ltr'>quern</span> 
     </span>
     <span class='ocr_line' id='line_1_54' title="bbox 200 5023 1823 5109; baseline 0.004 -22"><span class='ocrx_word' id='word_1_700' title='bbox 200 5045 214 5074; x_wconf 68' lang='grc' dir='ltr'><strong>κ</strong></span> <span class='ocrx_word' id='word_1_701' title='bbox 230 5023 561 5095; x_wconf 63' lang='grc' dir='ltr'>θᾹάθΙθίὅθῠῐῐιὶίίθδᾶ·</span> <span class='ocrx_word' id='word_1_702' title='bbox 1018 5035 1124 5105; x_wconf 90' lang='lat' dir='ltr'>plures,</span> <span class='ocrx_word' id='word_1_703' title='bbox 1136 5035 1273 5108; x_wconf 86' lang='lat' dir='ltr'>quiajam</span> <span class='ocrx_word' id='word_1_704' title='bbox 1290 5036 1474 5104; x_wconf 86' lang='lat' dir='ltr'>Gaulredum,</span> <span class='ocrx_word' id='word_1_705' title='bbox 1502 5037 1580 5109; x_wconf 91' lang='lat' dir='ltr'>quod</span> <span class='ocrx_word' id='word_1_706' title='bbox 1607 5039 1739 5094; x_wconf 88' lang='lat' dir='ltr'>dolorem</span> <span class='ocrx_word' id='word_1_707' title='bbox 1764 5057 1823 5094; x_wconf 88' lang='lat' dir='ltr'>nou</span> 
     </span>
     <span class='ocr_line' id='line_1_55' title="bbox 199 5109 1823 5198; baseline 0.01 -32"><span class='ocrx_word' id='word_1_708' title='bbox 199 5109 267 5184; x_wconf 65' lang='grc' dir='ltr'>«θ</span> <span class='ocrx_word' id='word_1_709' title='bbox 280 5111 430 5179; x_wconf 85' lang='lat' dir='ltr'>Goiiridus,</span> <span class='ocrx_word' id='word_1_710' title='bbox 445 5112 521 5168; x_wconf 90' lang='lat' dir='ltr'>sslius</span> <span class='ocrx_word' id='word_1_711' title='bbox 536 5112 647 5168; x_wconf 92' lang='lat' dir='ltr'>domiui</span> <span class='ocrx_word' id='word_1_712' title='bbox 657 5115 782 5172; x_wconf 86' lang='lat' dir='ltr'>comitis.</span> <span class='ocrx_word' id='word_1_713' title='bbox 1018 5123 1132 5190; x_wconf 87' lang='lat' dir='ltr'>minuit,</span> <span class='ocrx_word' id='word_1_714' title='bbox 1155 5126 1272 5180; x_wconf 90' lang='lat' dir='ltr'>morbus</span> <span class='ocrx_word' id='word_1_715' title='bbox 1292 5125 1494 5195; x_wconf 84' lang='lat' dir='ltr'>elephantinus</span> <span class='ocrx_word' id='word_1_716' title='bbox 1512 5130 1687 5198; x_wconf 87' lang='lat' dir='ltr'>pervaserat,</span> <span class='ocrx_word' id='word_1_717' title='bbox 1709 5127 1823 5182; x_wconf 85' lang='lat' dir='ltr'>comitis</span> 
     </span>
     <span class='ocr_line' id='line_1_56' title="bbox 202 5198 1823 5287; baseline 0.007 -30"><span class='ocrx_word' id='word_1_718' title='bbox 202 5198 429 5271; x_wconf 63' lang='lat' dir='ltr'>«mutugenna</span> <span class='ocrx_word' id='word_1_719' title='bbox 454 5200 647 5257; x_wconf 83' lang='lat' dir='ltr'>filiuscomius</span> <span class='ocrx_word' id='word_1_720' title='bbox 664 5203 792 5276; x_wconf 87' lang='lat' dir='ltr'>Rogerii.</span> <span class='ocrx_word' id='word_1_721' title='bbox 1016 5212 1162 5268; x_wconf 72' lang='lat' dir='ltr'>haeredem</span> <span class='ocrx_word' id='word_1_722' title='bbox 1205 5213 1335 5267; x_wconf 87' lang='lat' dir='ltr'>laturum</span> <span class='ocrx_word' id='word_1_723' title='bbox 1366 5214 1585 5287; x_wconf 89' lang='lat' dir='ltr'>suspicabantur</span> <span class='ocrx_word' id='word_1_724' title='bbox 1622 5215 1702 5286; x_wconf 77' lang='lat' dir='ltr'>(nam</span> <span class='ocrx_word' id='word_1_725' title='bbox 1730 5232 1823 5286; x_wconf 82' lang='lat' dir='ltr'>ireque</span> 
     </span>
     <span class='ocr_line' id='line_1_57' title="bbox 200 5287 1822 5374; baseline 0.009 -32"><span class='ocrx_word' id='word_1_726' title='bbox 200 5287 412 5360; x_wconf 59' lang='lat' dir='ltr'>«ffiPagauus</span> <span class='ocrx_word' id='word_1_727' title='bbox 426 5289 461 5343; x_wconf 90' lang='lat' dir='ltr'>de</span> <span class='ocrx_word' id='word_1_728' title='bbox 474 5289 585 5361; x_wconf 86' lang='lat' dir='ltr'>Gergis.</span> <span class='ocrx_word' id='word_1_729' title='bbox 1016 5299 1105 5355; x_wconf 85' lang='lat' dir='ltr'>aliurn</span> <span class='ocrx_word' id='word_1_730' title='bbox 1122 5302 1282 5355; x_wconf 84' lang='lat' dir='ltr'>masculum</span> <span class='ocrx_word' id='word_1_731' title='bbox 1300 5301 1435 5374; x_wconf 84' lang='lat' dir='ltr'>babebat)</span> <span class='ocrx_word' id='word_1_732' title='bbox 1463 5303 1539 5374; x_wconf 90' lang='lat' dir='ltr'>apud</span> <span class='ocrx_word' id='word_1_733' title='bbox 1567 5303 1750 5374; x_wconf 78' lang='lat' dir='ltr'>Syracusani,</span> <span class='ocrx_word' id='word_1_734' title='bbox 1780 5303 1822 5359; x_wconf 88' lang='lat' dir='ltr'>sui</span> 
     </span>
     <span class='ocr_line' id='line_1_58' title="bbox 198 5375 1642 5463; baseline 0 -23"><span class='ocrx_word' id='word_1_735' title='bbox 198 5375 261 5450; x_wconf 60' lang='grc' dir='ltr'>«ὦ</span> <span class='ocrx_word' id='word_1_736' title='bbox 273 5376 418 5434; x_wconf 83' lang='lat' dir='ltr'>Josbertus</span> <span class='ocrx_word' id='word_1_737' title='bbox 428 5377 464 5432; x_wconf 65' lang='lat' dir='ltr'>de</span> <span class='ocrx_word' id='word_1_738' title='bbox 477 5378 608 5434; x_wconf 69' lang='lat' dir='ltr'>Luciacss·</span> <span class='ocrx_word' id='word_1_739' title='bbox 1013 5388 1086 5460; x_wconf 88' lang='lat' dir='ltr'>juris</span> <span class='ocrx_word' id='word_1_740' title='bbox 1097 5387 1199 5443; x_wconf 86' lang='lat' dir='ltr'>urbem</span> <span class='ocrx_word' id='word_1_741' title='bbox 1213 5389 1301 5444; x_wconf 85' lang='lat' dir='ltr'>febris</span> <span class='ocrx_word' id='word_1_742' title='bbox 1314 5393 1382 5461; x_wconf 75' lang='lat' dir='ltr'>typo</span> <span class='ocrx_word' id='word_1_743' title='bbox 1396 5407 1544 5463; x_wconf 90' lang='lat' dir='ltr'>percussus</span> <span class='ocrx_word' id='word_1_744' title='bbox 1560 5394 1611 5445; x_wconf 93' lang='lat' dir='ltr'>est.</span> <span class='ocrx_word' id='word_1_745' title='bbox 1628 5412 1642 5440; x_wconf 73' lang='grc' dir='ltr'>ι»</span> 
     </span>
     <span class='ocr_line' id='line_1_59' title="bbox 200 5464 1819 5550; baseline 0.012 -33"><span class='ocrx_word' id='word_1_746' title='bbox 200 5481 218 5517; x_wconf 85' lang='lat'><strong>‹</strong></span> <span class='ocrx_word' id='word_1_747' title='bbox 234 5464 271 5538; x_wconf 66' lang='grc' dir='ltr'><strong>Θ</strong></span> <span class='ocrx_word' id='word_1_748' title='bbox 282 5464 421 5536; x_wconf 83' lang='lat' dir='ltr'>Hegerius</span> <span class='ocrx_word' id='word_1_749' title='bbox 432 5466 564 5523; x_wconf 89' lang='lat' dir='ltr'>Bonellus</span> <span class='ocrx_word' id='word_1_750' title='bbox 573 5469 634 5533; x_wconf 87' lang='lat' dir='ltr'>[al.,</span> <span class='ocrx_word' id='word_1_751' title='bbox 647 5470 802 5538; x_wconf 87' lang='lat' dir='ltr'>Touellus].</span> <span class='ocrx_word' id='word_1_752' title='bbox 1052 5478 1113 5533; x_wconf 77' lang='lat'>587.</span> <span class='ocrx_word' id='word_1_753' title='bbox 1131 5478 1202 5533; x_wconf 90' lang='lat' dir='ltr'>Cum</span> <span class='ocrx_word' id='word_1_754' title='bbox 1217 5495 1298 5550; x_wconf 87' lang='lat' dir='ltr'>ergo,</span> <span class='ocrx_word' id='word_1_755' title='bbox 1310 5478 1351 5533; x_wconf 89' lang='lat' dir='ltr'>uti</span> <span class='ocrx_word' id='word_1_756' title='bbox 1367 5495 1400 5535; x_wconf 88' lang='lat' dir='ltr'>ex</span> <span class='ocrx_word' id='word_1_757' title='bbox 1412 5478 1456 5534; x_wconf 87' lang='lat' dir='ltr'>his</span> <span class='ocrx_word' id='word_1_758' title='bbox 1467 5479 1600 5535; x_wconf 85' lang='lat' dir='ltr'>Gaulredi</span> <span class='ocrx_word' id='word_1_759' title='bbox 1610 5480 1705 5537; x_wconf 81' lang='lat' dir='ltr'>verbis</span> <span class='ocrx_word' id='word_1_760' title='bbox 1714 5480 1819 5536; x_wconf 88' lang='lat' dir='ltr'>intelli·</span> 
     </span>
    </p>
   </div>
   <div class='ocr_carea' id='block_1_3' title="bbox 0 0 1890 5970">
    <p class='ocr_par' dir='ltr' id='par_1_3' title="bbox 0 0 1890 5970">
     <span class='ocr_line' id='line_1_60' title="bbox 0 0 1890 5970; baseline 0 0"><span class='ocrx_word' id='word_1_761' title='bbox 0 0 1890 5970; x_wconf 95' lang='lat' dir='ltr'> </span> 
     </span>
    </p>
   </div>
  </div>
 </body>
</html>
