3772 5976
52 293 102 352 107
836 292 927 355 ACTA
1666 299 1717 363 lut

55 421 111 493 pis,
127 421 305 478 llerimauno
329 423 566 480 scilicetldeteusi
594 428 624 480 et
641 424 763 482 ilenrico
791 422 1015 492 Leo-Abellae,
1043 423 1184 482 diuturnis
1210 423 1432 483 dissensionibus
1465 422 1502 483 ad
1530 426 1630 485 inultas
1657 427 1718 486 lere

56 509 162 576 diensi,
183 527 241 582 qua
255 514 339 567 nocte
353 511 472 585 dispersi
493 515 561 569 sunt
580 530 682 569 omnes
703 512 864 570 confratres
914 513 1048 582 redactae,
1056 514 1205 570 subvenire
1215 514 1385 571 decrevisset
1393 515 1534 585 Olbcrtus,
1543 517 1719 589 (leodiensis

57 598 151 654 nostri
176 604 282 674 praeter
302 617 418 674 paucos,
442 618 513 678 quos
540 603 670 679 superius
699 602 864 659 nominavi·
915 603 1074 676 opiscopus)
1087 603 1315 675 diligentissime,
1327 605 1420 676 siquis
1432 609 1593 679 superesset
1607 607 1642 662 de
1655 607 1720 662 filiis

55 702 132 742 mus.
148 706 166 740 s
916 695 1021 748 nostrae
1036 692 1171 760 ecclesie,
1192 692 1236 747 cui
1258 692 1363 749 idonee
1376 694 1519 749 committi
1533 699 1629 768 posset
1652 712 1721 752 cura

90 778 157 833 234.
169 776 227 833 Etsi
240 794 320 850 ergo,
335 778 375 833 uti
390 795 425 835 ex
438 779 483 834 his
497 779 590 836 verbis
610 780 710 853 liquet,
733 784 799 852 post
813 779 865 836 oh·
915 780 1103 837 subveniendi
1118 781 1205 837 matri
1223 798 1291 837 sue.
1312 782 1400 838 Aiunt
1414 783 1518 838 fratres
1540 783 1641 852 nostri,
1667 801 1721 841 nec

54 865 131 922 itum
144 866 281 922 Adelardi
290 868 312 921 ll
320 868 432 924 abbatis
441 869 484 924 sui
493 885 594 925 omnes
607 869 667 924 iere
679 868 868 942 Trudonopo-
917 886 976 925 non
991 869 1086 925 clerici
1099 873 1128 925 et
1140 869 1214 938 laici,
1224 871 1348 942 quieum
1362 874 1567 943 cognoverant,
1585 872 1633 944 qui
1648 872 1722 928 Gan-

53 953 128 1009 itani
145 955 282 1011 monachi
297 973 313 1010 e
327 958 505 1014 monasterio
525 974 577 1013 suu
600 958 670 1031 luga
693 958 795 1031 dilapsi
811 957 867 1014 eliu
917 957 1007 1014 dacin
1019 959 1194 1015 monasterio
1208 960 1299 1015 sancti
1322 960 1398 1015 Petri
1414 963 1580 1017 moraretur
1599 979 1673 1016 unus
1688 962 1723 1017 de

54 1044 238 1113 secesserint,
254 1046 363 1117 hosque
378 1045 454 1101 inter
467 1047 670 1114 Theudoricus,
687 1050 787 1119 utpute
800 1063 869 1119 pau·
916 1047 1022 1103 nostris
1040 1047 1187 1115 iratribus,
1202 1049 1324 1125 nomine
1335 1048 1539 1118 Theudoricus,
1556 1050 1605 1122 qui
1619 1067 1636 1106 a
1660 1050 1723 1105 loco

55 1133 105 1199 cis,
133 1133 183 1206 qui
210 1133 288 1204 apud
313 1134 477 1190 Lauronem
507 1137 644 1191 abbatem
672 1134 867 1211 Trudonopoli
917 1137 1726 1194 nostrorecesseratsubcontentioneahbatumlanzonis

55 1225 241 1289 manserunt,
270 1238 288 1277 a
316 1223 466 1295 Radulphu
488 1224 535 1278 hic
564 1241 623 1280 nun
649 1227 867 1290 annumeratus,
918 1227 947 1280 et
960 1225 1104 1298 Luiponis.
1116 1226 1166 1280 llic
1176 1226 1199 1281 si
1212 1231 1308 1298 posset
1320 1226 1429 1282 extrahi
1445 1227 1522 1294 inde,
1540 1227 1661 1283 idoneus
1673 1227 1728 1282 illis

55 1310 275 1366 verosimillime
291 1312 440 1378 exstiterit,
457 1312 579 1368 Parisios
588 1317 687 1369 lamen
700 1314 782 1369 illum
798 1315 867 1367 tuno
917 1314 1147 1387 rideturadrege
1171 1315 1238 1371 dam
1253 1315 1410 1383 abhatiam,
1424 1315 1562 1387 quoniam
1576 1316 1730 1372 Theutoni·

57 1416 116 1455 non
133 1399 316 1467 concessisse,
331 1417 364 1455 ex
373 1400 475 1456 iisdem
485 1402 547 1473 jam
560 1401 787 1457 recitatisverbis
799 1417 869 1456 con·
918 1333 1305 1475 caetGualicana'dlalonia]
1317 1403 1476 1475 expeditus,
1485 1403 1651 1459 liberalibus
1658 1404 1728 1459 urti-

56 1487 237 1545 cludendum
252 1493 381 1562 apparet,
395 1492 496 1562 utpote
509 1490 612 1563 quibus
632 1492 708 1546 inter
734 1489 870 1562 regiones
918 1495 972 1550 bus
983 1493 1100 1565 egregie
1112 1493 1239 1548 eruditus
1263 1492 1293 1547 in
1307 1506 1392 1562 prosa
1410 1495 1439 1547 et
1461 1509 1543 1547 versu
1566 1493 1636 1548 nulli
1656 1497 1730 1548 esset

57 1575 198 1644 diversas,
218 1576 255 1632 ad
279 1595 350 1650 quas
375 1582 443 1633 tunc
469 1579 586 1652 profugi
608 1577 869 1650 Trudonopolitani
921 1583 1115 1652 suotempore
1138 1581 1288 1648 secundus,
1314 1580 1389 1635 dulci
1404 1584 1433 1635 et
1447 1580 1586 1636 altissima
1608 1598 1730 1637 sonorus

57 1665 198 1721 monachi
207 1682 268 1721 sese
280 1668 437 1733 contulere,
447 1668 611 1734 nonGellia,
621 1668 651 1722 in
663 1685 720 1740 qua
731 1667 871 1722 Parisien·
921 1669 1080 1737 vocalitate,
1100 1669 1202 1737 brevis,
1224 1668 1274 1724 sed
1294 1668 1414 1741 pulchra
1427 1685 1560 1741 persona,
1578 1669 1732 1741 mediaque

58 1752 95 1810 sis
110 1754 280 1810 civitassila
297 1758 350 1821 est,
365 1757 416 1812 sed
439 1756 575 1812 Flandria
590 1756 739 1823 duntaxat,
752 1755 870 1828 Anglia,
888 1751 1024 1825 Bustate,
1052 1757 1101 1831 qui
1131 1757 1219 1813 etiam
1242 1757 1368 1812 fratrum
1391 1773 1510 1812 suorum
1539 1757 1733 1813 infirmitabus

59 1843 158 1911 Dacia,
168 1843 294 1900 Saxonis
303 1845 732 1901 ethlemanniarecenseantur.
742 1847 780 1900 at
792 1861 871 1909 vcro,
922 1848 1025 1903 melius
1042 1847 1127 1902 sciret
1142 1845 1279 1919 compati,
1294 1850 1435 1918 tunquam
1450 1862 1569 1918 apuero
1592 1846 1647 1902 illis
1662 1863 1732 1902 con-

58 1930 172 2005 inquiet
184 1949 244 1988 non
257 1950 356 2002 nemo,
364 1950 421 2006 quo
431 1951 502 2006 crgo
514 1934 717 2001 Theudoricus,
730 1950 797 1989 oum
808 1936 871 2005 plu·
923 1937 1058 2005 nutritus,
1074 1938 1103 1991 at
1116 1935 1165 2009 qui
1177 1935 1323 1991 videratet
1333 1934 1465 1990 audierat
1476 1935 1563 2004 mala,
1582 1952 1647 2007 quae
1658 1935 1734 2008 passi
1802 1926 1807 1935 ’

58 2020 142 2077 rimis
155 2022 220 2077 aliis
232 2038 248 2078 e
261 2022 530 2095 Trudonopolitano
548 2039 599 2078 suu
616 2023 794 2079 monasterio
809 2025 876 2094 post
924 2025 1044 2081 eranlin
1058 2024 1116 2080 suis
1124 2023 1387 2080 tribulationibus.»
1398 2025 1441 2077 lla
1450 2023 1601 2079 laudatum
1615 2024 1736 2081 Chroni-

59 2111 227 2167 Lanzuneur
241 2111 270 2166 in
287 2111 317 2166 id
331 2111 483 2167 inductum
500 2112 649 2184 profugus,
667 2129 728 2167 sese
739 2111 875 2184 recepit?
925 2130 989 2169 con.
1003 2114 1067 2169 Jam
1083 2128 1160 2180 vero,
1186 2129 1253 2167 cum
1267 2111 1470 2179 Theudoricus,
1496 2111 1537 2168 uti
1552 2129 1586 2167 ex
1601 2113 1737 2169 omnihus

59 2199 260 2272 Trudonopoli
272 2200 349 2256 haud
363 2201 463 2271 procul
473 2198 630 2256 substitisse
642 2199 722 2256 illum
731 2200 874 2256 existimo.
922 2203 984 2274 iam
993 2201 1262 2272 dictisintelligitur,
1274 2200 1484 2269 Parisios,sese,
1498 2216 1565 2256 cum
1576 2199 1737 2257 adelardus

60 2288 178 2346 Etenim
191 2307 209 2344 e
220 2289 494 2362 Trudonopolitanis
508 2288 563 2344 illis
576 2289 736 2356 monachis,
758 2289 875 2362 quibus·
925 2289 1246 2363 ll,Trudonupolitanus
1254 2289 1352 2358 abbas,
1365 2305 1443 2345 anno
1454 2291 1523 2345 1082
1535 2289 1661 2358 obiisset,
1677 2306 1736 2346 nun

61 2396 128 2435 cum
161 2377 358 2434 Theudoricus
395 2378 592 2449 Trudonopoli
623 2381 690 2433 tuuc
724 2377 874 2447 discessit,
925 2378 1097 2446 contulerit,
1114 2377 1192 2433 brevi
1208 2381 1317 2446 autem,
1344 2381 1498 2449 postquam
1526 2378 1737 2434 monasterium
1770 2407 1773 2411 <

60 2469 197 2525 exstitere
212 2466 354 2534 nonnulli,
370 2467 493 2539 quinon
510 2466 550 2522 ita
564 2466 675 2523 dudum
690 2469 765 2537 pust,
781 2483 875 2522 assen-
925 2485 1020 2535 suum,
1037 2467 1155 2522 inducto
1169 2466 1200 2521 in
1216 2466 1245 2521 id
1261 2482 1338 2521 anno
1356 2468 1424 2522 1083
1440 2465 1582 2535 lanzone,
1597 2467 1738 2523 deseruis-

60 2557 155 2612 tiente
168 2557 311 2622 Lanzone,
327 2555 365 2610 ad
378 2555 587 2610 monasterium
598 2571 682 2610 suum
694 2554 817 2609 rediere.
834 2556 875 2610 lta
925 2560 977 2624 set,
1000 2573 1017 2612 e
1035 2555 1127 2611 vicino
1152 2555 1227 2622 loco,
1249 2571 1305 2627 quo
1329 2557 1494 2622 secesserat,
1509 2555 1739 2627 Trudonopolim

61 2647 169 2701 iterum
181 2643 621 2714 colligitureTrudonopulitanu
632 2642 785 2709 Chronico,
797 2643 875 2715 quod
925 2645 1156 2712 iuerilreversus‚
1168 2643 1345 2716 ibidemque,
1354 2646 1522 2716 utapparet‚
1531 2660 1597 2699 cum
1607 2644 1739 2701 muzone

60 2735 138 2807 apud
154 2732 327 2791 bucherium
349 2735 421 2788 tom.
439 2730 584 2805 Spicilegii
597 2732 645 2786 cil.
670 2747 738 2804 pag.
764 2733 815 2788 370
840 2733 876 2787 de
926 2733 962 2789 ad
981 2749 1090 2788 annum
1103 2749 1193 2805 usque
1207 2734 1285 2800 1085,
1302 2749 1370 2805 quo,
1386 2734 1451 2788 urta
1465 2732 1738 2788 huncinteretLui·

60 2825 203 2896 Luipone,
225 2821 493 2894 Trudonopolitanu
512 2821 667 2888 monacho,
685 2821 826 2889 exsilium,
845 2821 876 2877 in
926 2819 1242 2895 ponemcontentione,
1254 2819 1574 2876 GandavumseseadS.
1590 2821 1737 2877 Petrimo·

61 2911 150 2985 quud,
163 2911 298 2965 Lanzone
308 2909 370 2980 jam
380 2908 645 2980 Trudonopolitano
655 2909 770 2977 abbate,
779 2911 877 2981 pulsus
927 2909 1518 2980 nasleriumrecepit,lueritoummoratus,
1527 2910 1737 2966 consectarium

59 2999 271 3067 tuerat,adhuo
279 2998 419 3071 patiente,
431 2997 470 3052 sic
484 2998 588 3054 habel:
601 3017 616 3051 c
627 2998 679 3063 Qui
690 2997 799 3070 (Luipo)
810 3015 876 3054 cum
891 2997 969 3106 Clit,
986 3001 1017 3053 ut
1030 2997 1143 3053 Parisiis
1155 3014 1232 3052 auno
1246 2997 1359 3053 circiter
1372 3000 1451 3066 1082,
1464 3000 1564 3071 utpote
1579 3001 1646 3054 ante
1661 3000 1737 3055 hunc

59 3106 112 3163 per
121 3105 237 3155 omnes,
249 3103 320 3161 quos
336 3089 420 3143 utiles
433 3086 485 3142 sibi
495 3087 557 3144 iore
567 3087 760 3154 existimabat,
773 3104 824 3159 per
837 3089 878 3160 ip·
927 3086 1090 3144 studiorum
1103 3102 1189 3142 causa
1199 3086 1307 3142 ibidem
1320 3086 1419 3154 etium,
1434 3088 1466 3141 ut
1478 3102 1565 3158 supra
1573 3086 1666 3154 docui,
1677 3104 1736 3145 non

59 3194 123 3232 sum
137 3193 256 3250 quoque
268 3176 476 3248 imperatorem
487 3176 564 3248 apud
570 3176 705 3232 abbatem
714 3177 877 3233 Lauronem
926 3180 1063 3243 versatus,
1078 3174 1281 3231 verosimiliter
1293 3190 1354 3230 non
1370 3173 1520 3230 studuerit.

60 3266 142 3322 omni
157 3264 324 3320 humilitate
333 3267 443 3337 ageret,
455 3268 485 3320 ut
497 3268 629 3337 receptus
638 3264 667 3320 in
678 3267 801 3320 claustro
812 3281 875 3334 suo,
928 3291 930 3295 ⁴
962 3268 1024 3321 136.
1042 3264 1124 3329 Quod
1139 3267 1172 3320 ut
1192 3262 1351 3319 evidentius
1365 3262 1425 3331 ilat,
1448 3262 1508 3318 imo
1526 3262 1737 3322 Theudoricum

60 3370 117 3427 quo
127 3353 476 3422 nutrituslueral,odine,
487 3370 544 3426 quo
554 3353 647 3418 etalii,
659 3353 757 3408 venire
767 3357 873 3425 posset,
926 3353 1041 3410 Parisiis
1056 3370 1206 3426 nunquam
1222 3352 1362 3409 studuisse
1378 3354 1485 3423 pateat,
1499 3351 1600 3408 omnia
1615 3353 1676 3423 ejus
1699 3353 1737 3410 ab

59 3442 236 3500 nullumodo
244 3443 402 3516 impetrare
412 3443 529 3498 voluit.»
538 3441 745 3507 Quibusverhis
753 3443 873 3515 aliisque
923 3442 1041 3499 incunte
1060 3445 1145 3497 etate
1168 3441 1205 3497 ad
1219 3440 1287 3496 illud
1312 3457 1401 3513 usque
1426 3442 1550 3513 tempus,
1567 3458 1624 3513 quo
1637 3441 1737 3498 Gauda

59 3531 247 3604 sequentibus
261 3531 402 3598 innuitur,
418 3548 453 3587 eu
469 3534 602 3603 tempure
618 3547 678 3599 seu,
696 3530 737 3585 uti
749 3548 783 3586 ex
796 3532 872 3602 ejus·
921 3534 1069 3588 revocatus
1079 3529 1226 3586 abbatiam
1238 3528 1496 3601 Trudonopolitam
1512 3529 1734 3601 gubernandam

60 3618 127 3674 dem
157 3618 292 3675 Chronici
317 3619 381 3674 loco
405 3619 538 3691 proxime
559 3618 607 3673 cit.
636 3621 768 3691 apparet,
794 3636 872 3675 annu
921 3620 1041 3691 accepit,
1058 3617 1735 3691 gestabuncinmodumoompendioeturdine

63 3710 140 3775 1005,
155 3724 214 3780 quo
236 3707 336 3780 Luipo,
358 3710 390 3762 ut
405 3706 441 3762 ed
464 3707 765 3778 Trudonopolitanum
787 3725 872 3763 suum
921 3724 1045 3780 expono.
1057 3709 1132 3763 Puer
1141 3704 1273 3761 adhucin
1285 3705 1733 3778 munasterioTrudonopolitano

63 3795 274 3851 monasterium
287 3795 383 3851 redire
396 3795 449 3851 sibi
463 3795 508 3850 las
529 3798 613 3862 esset,
639 3795 796 3867 impetrare
818 3795 873 3853 fuit
922 3813 975 3870 pro
988 3800 1154 3867 temporum
1167 3794 1283 3848 illorum
1292 3808 1374 3848 more
1384 3792 1620 3849 luiteducatusac
1630 3796 1733 3850 littoris

61 3887 192 3952 mustus,
206 3883 278 3939 alios
298 3885 454 3940 nonnullos
482 3883 520 3938 od
542 3883 573 3938 id
592 3883 872 3955 Trudonopolitanus
921 3883 1102 3942 addiscendis
1116 3882 1260 3948 admotus,
1276 3896 1400 3953 cumque
1415 3880 1519 3937 deinde
1537 3881 1628 3938 iactus
1646 3886 1731 3938 aelele

62 3974 232 4039 monachos,
246 3974 295 4045 qui
308 3973 453 4041 inde,non
469 3972 588 4046 quidem
601 3973 630 4028 in
644 3973 772 4029 exsilium
787 3973 870 4047 pulsi,
921 3972 1061 4046 grandior
1074 3971 1223 4028 monachis
1238 3969 1274 4025 ab
1286 3967 1430 4025 ltdelardo
1456 3971 1479 4024 ll
1503 3970 1606 4025 abbate
1631 3971 1731 4028 fuisset

61 4063 110 4118 sed
121 4063 194 4134 iuga
209 4061 311 4134 dilapsi
324 4061 524 4129 discesserant,
539 4061 625 4117 fuisse
636 4062 700 4134 jam
725 4078 869 4132 reversus;
921 4062 1069 4133 ascriptus,
1084 4060 1186 4116 litteris
1199 4059 1331 4115 animum
1352 4057 1390 4114 ad
1404 4074 1515 4113 aunum
1537 4075 1626 4131 usque
1650 4063 1728 4129 1081,

59 4149 194 4207 hiantem
202 4154 301 4222 utpote
308 4151 345 4206 ad
355 4151 577 4218 monesterium,
587 4151 664 4223 quod
672 4151 868 4218 deseruerant,
920 4168 976 4224 quo
990 4150 1036 4206 hio
1045 4151 1138 4205 vivere
1152 4149 1244 4216 desiit,
1256 4147 1286 4203 in
1303 4146 1471 4203 monasterii
1486 4146 1528 4201 sui
1542 4148 1648 4216 schola,
1663 4166 1728 4220 qum

58 4239 135 4295 haud
147 4240 190 4295 ita
205 4239 316 4296 dudum
332 4244 406 4314 pust,
421 4240 462 4296 uti
476 4239 566 4296 etiam
583 4258 599 4296 e
615 4239 748 4295 Chronici
762 4241 870 4298 Trudo-
918 4244 987 4296 tunc
1003 4258 1036 4295 ex
1052 4239 1134 4294 dictis
1149 4237 1273 4292 maxime
1289 4237 1423 4303 florebat,
1447 4237 1572 4308 perrexit
1586 4239 1725 4293 excolere.

58 4329 222 4401 napolitani
234 4330 297 4385 luco
314 4329 446 4403 proxime
466 4329 583 4384 laudato
608 4332 737 4401 apparet,
751 4329 867 4399 reversi,
880 4353 907 4413 D
918 4329 1061 4384 Adclardu
1073 4326 1177 4382 deinde
1191 4342 1268 4381 annu
1283 4327 1350 4381 1082
1359 4324 1535 4390 vitaiuncto,
1547 4327 1726 4382 monasterii-

58 4418 196 4489 regiones
208 4419 308 4490 procul
325 4418 447 4485 dissitas,
465 4433 531 4472 crim
553 4417 622 4488 luga
634 4417 702 4472 inde
715 4433 788 4472 sessa
801 4419 868 4472 sub-
918 4436 973 4490 que
987 4415 1124 4487 regimini
1145 4416 1288 4481 Lanzone,
1304 4413 1398 4469 invitis
1413 4413 1572 4481 monacbis,
1593 4414 1724 4484 admoto,

57 4506 177 4573 duxere,
190 4507 292 4562 adiisse
306 4522 366 4561 non
381 4507 525 4573 videntur,
537 4522 570 4559 ac
583 4504 666 4576 proin
681 4505 869 4561 necTheodo·
917 4523 983 4560 cum
998 4504 1130 4578 plurimis
1140 4521 1173 4558 ex
1187 4503 1231 4559 his
1244 4501 1439 4574 Trudonopoli
1456 4502 1583 4569 excessit,
1600 4520 1724 4576 cumque

56 4592 144 4662 ricus,
165 4596 265 4665 utpote
279 4596 328 4667 qui
342 4611 376 4650 ex
391 4594 424 4649 iis
439 4612 512 4649 rinus
525 4593 672 4660 exstiterit,
687 4593 727 4648 uti
741 4610 868 4666 pronum
918 4595 1023 4651 deinde
1036 4611 1052 4649 e
1066 4595 1129 4649 loco
1143 4592 1219 4647 haud
1232 4591 1341 4663 procul,
1353 4592 1384 4645 ut
1393 4594 1522 4660 apparet,
1537 4591 1603 4646 hinc
1615 4593 1724 4662 dissito,

56 4686 99 4738 est
112 4698 218 4738 eruere
230 4700 263 4737 ex
275 4699 321 4749 eo,
336 4683 424 4755 quod,
438 4684 570 4738 lanzone
583 4685 683 4754 postea
697 4686 727 4735 et
740 4682 867 4752 Luipone
917 4701 974 4756 quo
991 4700 1051 4737 sose
1065 4682 1223 4752 receperat,
1240 4679 1278 4734 ad
1302 4679 1522 4744 monasterium,
1551 4680 1725 4736 assentiente

57 4790 124 4829 mox
134 4776 299 4828 memorato
310 4771 869 4841 deabhoiiaTrudonopolitanaconten·
918 4771 1171 4836 Larrzoncabbate,
1181 4768 1422 4834 luissetreversus‚
1432 4768 1637 4840 contentioque
1647 4771 1723 4824 hunc

55 4860 205 4929 dentibus,
218 4861 383 4916 Gondavum
399 4860 466 4915 inde
475 4860 512 4915 ad
525 4860 553 4915 S.
568 4851 644 4914 Petri
658 4858 867 4914 monasterium
916 4861 992 4916 inter
1005 4863 1034 4915 ct
1047 4859 1206 4930 Luipunem
1222 4872 1299 4911 auno
1317 4858 1383 4911 1085
1398 4858 1472 4911 esset
1487 4859 1594 4923 exorto,
1609 4858 1721 4912 Ganda-

55 4966 117 5005 sese
129 4951 282 5021 receperit,
296 4948 657 5022 quemadmodumiterum
671 4948 865 5018 apudllache-
915 4967 993 5016 vum,
1008 4947 1118 5013 relicto,
1135 4946 1240 5000 iturum
1256 4943 1443 5005 monasterio,
1458 4943 1607 5010 concessit,
1626 4943 1723 5015 ibique

55 5038 134 5094 rium
150 5041 225 5092 tom.
247 5036 391 5110 Spicilegii
404 5036 452 5092 cit.
475 5054 541 5110 pag.
557 5038 608 5091 300
626 5040 727 5107 etseq.
745 5036 864 5091 Chroni-
915 5038 945 5094 in
958 5038 986 5093 S.
1002 5037 1077 5092 Pctri
1087 5034 1202 5091 abbatia
1216 5037 1412 5088 commoratus
1420 5032 1503 5087 ested
1512 5048 1621 5098 anirum
1635 5049 1724 5105 usquo

57 5142 110 5182 uon
124 5125 426 5196 Trudonopolitanum
438 5124 532 5181 docet.
918 5128 985 5182 1009
1000 5142 1050 5180 scu
1062 5128 1139 5179 certe
1164 5124 1242 5190 1008,
1269 5138 1392 5193 quorum
1418 5123 1508 5175 altero
1532 5120 1597 5174 hinc
1612 5118 1738 5176 Olhcrti‘

89 5219 157 5272 235.
171 5215 274 5281 Verba,
289 5216 393 5287 quibus
409 5215 438 5270 id
456 5214 563 5269 ibidem
576 5214 654 5280 lacit,
669 5214 782 5286 aliaque
796 5231 868 5269 non·
917 5213 1080 5269 Leodicnsis
1094 5211 1219 5283 episcopi
1234 5209 1335 5265 littoris
1360 5212 1491 5265 evocatus
1513 5210 1722 5264 rnorrasterium

58 5308 148 5373 nulla,
171 5304 250 5360 hisce
262 5307 367 5361 eodem
383 5307 447 5362 locu
460 5307 606 5376 adjuncta,
621 5307 700 5379 quod
718 5307 865 5379 pleraque,
915 5302 1213 5373 Trudonopolitanum
1235 5299 1345 5355 abbatis
1358 5314 1479 5353 munere
1500 5298 1723 5369 gubernandum

57 5393 869 5466 deTheodoricoadpraesensinslitutumjamdicta,haus·
918 5391 1036 5463 accepit.
1054 5391 1132 5446 Talia
1152 5392 1220 5444 suut
1236 5386 1405 5442 Theudorici
1427 5386 1463 5441 ad
1482 5389 1596 5459 tempus
1623 5404 1722 5460 usque,

57 5486 85 5538 ts
98 5499 136 5538 ex
154 5482 190 5537 iis
206 5481 272 5550 sint,
291 5482 348 5538 huc
362 5484 523 5539 transcribo
539 5483 585 5539 Sic
592 5484 717 5539 habent:
730 5484 868 5548 ‹uuaerc-
918 5496 976 5552 quo
991 5480 1045 5535 hoc
1061 5478 1169 5533 iactum
1185 5478 1236 5544 est,
1251 5477 1342 5547 gesta,
1358 5471 1421 5549 q'uce
1432 5492 1512 5544 sane,
1530 5478 1561 5530 ut
1571 5475 1725 5532 Theudori-

59 5570 146 5628 brtur
156 5585 231 5642 ergo
244 5568 320 5642 (cum
329 5570 395 5642 jem
406 5571 514 5628 scilicet
531 5571 805 5647 Trudonopolitanae
817 5572 868 5631 ab·
919 5584 987 5630 oum
1001 5566 1114 5631 Parisiis
1129 5570 1260 5642 uuquam
1269 5581 1302 5624 ae
1319 5563 1496 5623 nominatim
1517 5581 1596 5624 anno
1611 5563 1724 5624 circiter

205 5658 323 5719 Persou.
339 5659 417 5719 ctu.
1515 5658 1531 5713 t
