3772 5976
46 304 101 372 an

547 306 726 372 nnosmo
743 307 780 370 n
798 305 966 371 nsanos.
985 333 1022 358 ·-
1039 303 1137 373 essu.
1158 285 1216 372 tn

1657 306 1711 381 sn

48 437 102 496 sed
109 435 172 510 ejus
182 434 230 512 qui
240 433 319 493 misit
327 433 473 494 tnePatris
482 432 571 510 (doen.
580 439 701 509 v11r,50);
714 458 729 488 n
736 442 762 493 et
762 436 895 510 judicat
913 435 996 503 Quod
1010 440 1053 494 est
1067 437 1163 497 dicere
1179 454 1186 496 t
1201 433 1373 513 Despiciam,
1386 437 1417 497 id
1429 437 1611 500 estdaorsum
1622 439 1710 516 aspici

48 543 92 584 me
100 525 431 599 sicutjudicandussum,
442 526 574 582 faciendo
586 526 693 582 seilicet
708 544 857 599 resurgere

49 618 184 673 meirtnte
195 621 252 680 tao,
265 614 342 669 idest
352 615 382 668 in
393 614 525 687 potentia
534 617 591 669 tua.
601 614 683 679 Quod
695 611 854 671 cstdicere:

50 702 611 776 Quiapolensesadmeresuscitandum.
623 703 856 759 Ostenditautem

50 811 81 851 se
96 793 217 865 dignum
230 791 424 860 exauditione,
438 808 503 846 cnm
515 808 573 846 non
586 793 678 847 solnm
692 792 795 860 serbis,
807 791 857 848 sed

50 886 81 940 et
95 882 247 939 affectione
263 885 336 948 oret,
353 881 507 937 cumaddit
522 898 528 935 :
544 881 713 937 Orosateum
728 899 770 937 me
778 882 857 951 facet

15 1025 22 1033 ,
45 972 141 1046 judica
157 989 208 1038 me,
221 974 249 1024 et
262 971 317 1025 hoc
332 986 384 1025 oro
399 974 428 1024 et
439 969 592 1025 allectione
607 972 636 1024 et
650 969 752 1025 verbis.
771 970 855 1042 Ergo,

48 1061 134 1129 Dens,
148 1060 248 1115 eraudi
261 1061 410 1115 orationem
423 1076 509 1113 meam
528 1058 678 1113 allectione
696 1059 812 1128 laetam,
828 1061 857 1113 θῖ

49 1151 161 1209 caribus
170 1150 285 1221 percipe,
306 1147 336 1202 id
360 1151 412 1213 θεῖ,
429 1147 496 1202 audi
516 1147 594 1202 verba
609 1148 664 1203 eris
678 1149 740 1215 mei,
756 1146 853 1215 idest,

50 1236 424 1308 orationemquamverbls
447 1235 574 1307 protero.
597 1234 719 1289 Auribus
739 1236 855 1306 percipe,

52 1327 122 1385 dicit
136 1326 173 1381 ad
187 1327 351 1381 humanum
370 1324 502 1379 modum.
519 1325 638 1379 Necesse
658 1327 700 1379 est
714 1325 812 1378 autem
826 1326 857 1378 ut

52 1433 134 1472 orem
151 1419 190 1482 te,
207 1418 238 1468 ut
252 1430 299 1467 me
311 1414 421 1468 salvum
434 1413 523 1467 facias
541 1429 577 1468 ne
591 1414 711 1480 cedam;
729 1412 858 1484 quoniam

51 1504 143 1571 ebeni,
167 1502 196 1557 id
214 1506 256 1557 est
272 1501 362 1556 ludaei
375 1500 423 1572 qui
443 1501 585 1556 deberent
605 1517 665 1556 esse
680 1500 777 1567 amici,
792 1517 858 1555 cum

52 1592 111 1649 sint
125 1591 301 1647 contribules
311 1589 378 1655 mei,
388 1589 440 1661 ipsi
451 1604 518 1644 vero
530 1589 688 1644 suntalieni
698 1587 857 1655 amelacti,

907 528 1010 584 faciam
1026 527 1101 601 ipsos
1116 529 1258 597 inimicos,
1272 546 1360 602 super
1372 547 1421 587 eos
1431 548 1584 605 apparens,
1595 537 1709 605 partem

906 617 978 672 mibi
994 618 1187 689 subjugando,
1213 620 1350 674 salvando
1381 620 1498 689 scilicet,
1525 626 1637 693 partem
1656 638 1709 694 per

906 706 1049 761 mundum
1063 707 1264 780 dispergendo.
1283 709 1376 764 Ethoe
1386 712 1468 764 estac
1482 708 1505 764 si
1521 709 1644 765 diceret:
1657 713 1709 766 De-

906 794 957 850 bes
967 812 1013 850 me
1028 797 1313 864 orantemcxandire,
1325 801 1357 851 ut
1367 814 1384 852 a
1395 797 1583 853 tribulatione
1593 797 1707 871 eripias.

906 883 1209 954 Namideosacrifieaba
1225 885 1498 957 tibi,quiafiduciam
1511 886 1615 954 habeo,
1631 887 1710 959 quod

906 991 947 1027 me
962 991 993 1028 er
1007 976 1082 1028 orani
1092 974 1265 1029 tribulatione
1287 975 1400 1048 eripies,
1419 978 1448 1030 et
1467 979 1532 1047 post
1553 975 1710 1048 despiciam

905 1078 981 1132 saper
994 1064 1113 1116 inimices
1124 1079 1193 1116 ineos
1207 1063 1257 1135 qui
1271 1079 1319 1117 me
1334 1063 1422 1119 modo
1438 1063 1467 1117 iu
1482 1063 1645 1119 humilitate
1660 1079 1710 1136 po-

906 1148 992 1205 situm
1009 1150 1178 1223 despiciunt,
1196 1151 1226 1206 id
1245 1154 1288 1206 θεῖ
1310 1149 1481 1206 interiorem
1503 1168 1533 1206 εθ
1553 1153 1708 1224 reputant.

1155 1239 1189 1293 ΙΝ
1209 1239 1371 1295 esxtubtt
1395 1239 1459 1295 LIV.

942 1324 1048 1380 Psalmi
1062 1324 1295 1398 quinquagesimi
1310 1326 1404 1399 quarti
1414 1326 1521 1386 titulus.
1538 1327 1572 1382 In
1577 1329 1668 1397 finem,
1680 1330 1709 1383 in

907 1414 1076 1480 carminibus,
1092 1413 1235 1468 intellectas
1250 1416 1300 1484 ipsi
1321 1414 1422 1481 Dauid,
1439 1415 1518 1486 quod
1536 1416 1575 1471 sic
1590 1416 1709 1489 exponi·

908 1502 964 1560 tur.
977 1501 1126 1556 Intellectus
1134 1502 1327 1573 hujuspsalml
1340 1503 1524 1560 ascribendus
1532 1508 1575 1560 est
1588 1504 1640 1577 ipsi
1654 1509 1711 1562 Da·

908 1589 964 1656 vid,
980 1589 1008 1643 id
1024 1593 1066 1644 est
1081 1589 1192 1645 Christo
1208 1590 1418 1663 perseveranti,
1436 1592 1466 1646 in
1482 1593 1666 1663 carminibus,
1680 1594 1711 1650 id

52 1697 106 1754 per
118 1680 284 1753 superbiam
296 1681 325 1733 et
335 1677 472 1734 invidiam
488 1695 569 1733 suam
578 1695 585 1733 :
594 1678 797 1733 insurrexerunt
810 1677 858 1731 ad·
909 1681 952 1732 est
966 1677 995 1732 in
1010 1677 1149 1745 laudibus,
1165 1681 1195 1732 ut
1206 1678 1303 1733 landet
1316 1680 1407 1734 lleum
1417 1680 1588 1749 intentione,
1604 1699 1672 1738 voce
1682 1686 1711 1738 ct

52 1785 215 1836 eersumrne,
225 1768 378 1839 capiendo,
390 1766 569 1824 verberando
579 1771 608 1821 et
617 1767 858 1836 blasphemando,
872 1738 897 1798 Β
909 1780 1007 1837 opere,
1024 1783 1082 1821 non
1101 1766 1239 1822 desistens
1261 1767 1349 1823 etiam
1366 1767 1396 1823 in
1421 1768 1484 1839 ipsa
1504 1770 1646 1844 passione,
1661 1770 1710 1826 ubi

61 1842 132 1929 181
151 1865 175 1913 et
186 1858 237 1930 ipsi
252 1857 335 1927 sortes
350 1873 411 1910 essa
427 1856 565 1925 volentes,
579 1856 616 1909 ad
633 1856 686 1910 hoc
701 1857 733 1909 ut
749 1872 795 1909 me
809 1854 859 1910 de·
909 1855 1086 1927 potiuslteus
1098 1855 1358 1912 laudandusest.ln
1368 1858 1530 1911 carminibus
1544 1859 1710 1930 dieoperse·

56 1945 324 2011 tineentinmorte,
338 1946 498 2016 quaesierunt
515 1946 635 1997 animam
651 1960 748 2011 meam,
764 1943 793 1997 id
806 1946 858 1998 θεῖ.
909 1944 1020 1998 roranti
1034 1959 1124 2015 nsque
1140 1946 1169 1996 in
1182 1944 1273 2012 finem,
1290 1944 1397 1999 scilieet
1415 1945 1490 2012 vites,
1511 1946 1541 2001 id
1561 1950 1605 2001 est
1618 1948 1710 2003 donee

53 2036 187 2105 quaerent
202 2035 232 2086 ut
243 2031 472 2102 auferantJvitam
484 2047 591 2084 meam.
605 2031 710 2084 Etcum
722 2030 861 2085 deberent
909 2031 967 2085 vita
982 2031 1042 2101 ejus
1059 2047 1110 2103 por
1125 2034 1250 2085 mortem
1268 2032 1358 2087 crucis
1373 2032 1514 2101 finiretur,
1532 2036 1573 2089 vel
1589 2035 1628 2089 sie
1646 2051 1710 2108 per-

53 2122 237 2177 considerare
248 2137 295 2175 me
306 2122 398 2175 Deum
407 2135 477 2185 esse,
490 2122 519 2172 et
531 2119 569 2172 sie
583 2136 640 2173 uon
653 2119 795 2191 persequi,
807 2136 858 2173 nan

49 2215 252 2284 proposuerunt,
265 2208 346 2264 idest
363 2225 420 2262 uon
436 2211 601 2280 proponent
621 2214 682 2262 ante
696 2215 860 2278 conspectum

53 2317 133 2355 suurn
143 2298 323 2364 interiorem,
338 2295 426 2350 Deum
442 2296 573 2364 verbum,
590 2295 660 2350 mihi
672 2296 862 2368 personaliter

55 2387 180 2450 unitum,
195 2403 256 2442 esse
271 2384 342 2439 mibi
362 2383 573 2446 auxiliatorem,
590 2384 668 2457 quod
683 2388 726 2439 est
741 2384 835 2438 dicere
853 2401 859 2439 :

55 2475 118 2531 Non
131 2474 357 2530 considerabunt
370 2490 416 2527 me
432 2490 493 2536 esse
504 2472 691 2527 hominemet
700 2474 803 2527 Deum.
813 2472 861 2527 ui-

56 2566 136 2620 ceret
151 2563 252 2634 aliquis
265 2580 271 2618 :
284 2562 414 2617 llabcsne
430 2563 521 2616 Deum
537 2560 588 2614 tibi
603 2560 863 2631 personaliteruni-

56 2655 120 2708 tum
135 2651 309 2723 adjutorem.
319 2648 476 2719 Respondit
490 2665 496 2702 :
512 2649 564 2702 lta.
579 2648 649 2702 Vere
660 2649 862 2721 [teumpropo

58 2757 129 2797 nere
141 2740 291 2795 deberent.
299 2738 442 2792 Eeccenirn
452 2737 481 2791 in
494 2735 628 2807 praesenti
640 2740 694 2804 est,
703 2737 780 2808 quod
790 2735 863 2790 Deus

58 2829 172 2900 adjacet
186 2845 238 2895 rne,
253 2826 361 2881 faciens
377 2827 569 2887 constantem,
587 2826 616 2878 et
639 2824 703 2879 ideo
726 2823 865 2879 deberent

59 2918 229 2975 constantiae
241 2932 313 2970 mea
322 2913 463 2982 contuitu,
472 2931 539 2969 eum
547 2921 609 2967 ante
617 2920 865 2983 conspeetumsmtm

911 2119 1051 2174 severanti
1068 2123 1095 2172 in
1109 2119 1271 2172 carminibus
1283 2137 1372 2190 usque
1388 2123 1416 2175 in
1429 2122 1520 2190 ficari,
1530 2123 1611 2177 idest
1623 2140 1712 2194 nsque

910 2209 940 2264 iu
957 2208 1238 2264 consummationem
1254 2209 1432 2264 aternitatis.
1449 2210 1531 2275 Quod
1545 2214 1586 2265 cst
1606 2212 1712 2281 dicere,

911 2295 1106 2368 perseveranti
1123 2298 1150 2349 in
1166 2295 1337 2363 carminibus,
1353 2296 1382 2351 id
1398 2301 1442 2351 est
1454 2298 1483 2352 iu
1503 2298 1552 2354 Dei
1571 2299 1713 2368 laudibus,

911 2389 941 2441 et
953 2386 983 2440 in
999 2384 1145 2458 prosperis
1158 2388 1188 2439 et
1216 2385 1245 2438 in
1270 2385 1404 2453 adversis,
1425 2387 1517 2443 donec
1532 2389 1606 2443 Deus
1628 2389 1714 2444 redu·
1765 2411 1768 2416 ¹

912 2477 989 2530 cerat
1004 2491 1071 2529 eum
1086 2473 1117 2528 in
1134 2474 1292 2544 perlectam
1307 2476 1336 2529 et
1351 2481 1584 2531 consummatam
1598 2477 1717 2533 immor·

912 2564 1064 2618 talitatem.
1082 2562 1135 2618 Ubi
1151 2579 1219 2618 vero
1236 2563 1353 2634 ponitur
1368 2566 1396 2617 in
1405 2566 1576 2633 carminibus,
1584 2568 1656 2621 solet
1664 2584 1717 2623 sce·

913 2652 976 2725 pius
987 2653 1113 2723 psalmus
1130 2650 1165 2705 de
1181 2650 1315 2706 Passione
1326 2668 1412 2723 agere
1432 2656 1481 2707 :et
1498 2653 1718 2710 innuiturnobis

914 2739 991 2813 quod
1016 2741 1088 2794 sicut
1114 2739 1241 2795 Christus
1257 2739 1287 2794 in
1302 2740 1433 2811 passione
1449 2758 1500 2796 sue
1516 2741 1545 2795 in
1567 2742 1651 2798 laude
1667 2743 1717 2799 Dei

914 2828 1116 2902 perseveravit,
1131 2828 1172 2883 ita
1187 2830 1216 2882 et
1231 2845 1283 2883 nos
1298 2827 1329 2882 in
1344 2828 1579 2884 tribulationibus
1594 2831 1717 2886 minime

915 2918 1053 2973 debemus
1067 2933 1084 2971 a
1096 2916 1146 2971 llei
1161 2916 1245 2971 laude
1260 2933 1380 2972 cessare.
1391 2919 1423 2972 ln
1439 2918 1493 2973 boc
1503 2920 1718 2992 autempsalmo

59 3022 223 3079 proponere
241 3022 247 3059 :
262 3011 290 3058 ct
308 3004 440 3057 Dominus
460 3002 530 3056 mihi
553 3002 744 3074 personaliter
758 3001 863 3068 unitur,
877 3017 902 3080 (2
915 3005 1109 3060 introducitur
1123 3006 1209 3078 caput
1224 3021 1320 3071 orans,
1336 3021 1372 3059 ne
1388 3005 1417 3059 in
1434 3005 1566 3078 passione
1581 3007 1674 3075 cedat,
1691 3010 1720 3063 ct

59 3101 193 3166 susceptor
204 3101 241 3147 est
266 3093 362 3148 animae
375 3109 448 3157 mea,
465 3090 495 3145 id
522 3093 565 3144 est
586 3089 720 3160 suscipiet
735 3088 865 3144 animam

59 3182 360 3253 meam,utadcorpus
376 3184 440 3253 post
450 3182 507 3234 tres
520 3178 715 3234 diesreducat.
731 3177 867 3250 Sequitur

60 3271 154 3328 oratio
164 3269 347 3343 proicimieis
357 3269 410 3322 sic:
421 3267 557 3332 Quamvis
567 3267 717 3338 insurgant
727 3265 867 3320 adeersum

60 3378 112 3428 me,
123 3358 529 3431 etquaerantanimarnmeam,
545 3358 659 3410 tantum
675 3371 736 3422 cro,
752 3355 867 3408 Domine

60 3456 150 3505 auerte
162 3447 246 3514 mala,
258 3462 322 3518 quae
338 3445 530 3500 merentureb
546 3446 663 3499 inimicis
678 3442 800 3497 niemet
814 3443 867 3498 dis·

55 3538 139 3610 perde
150 3537 206 3591 illos
221 3534 382 3590 secundnm
391 3534 469 3606 quod
478 3533 546 3588 mali
555 3536 631 3600 suut,
640 3535 668 3586 in
681 3534 790 3586 ueritate
808 3539 865 3598 tua,

59 3625 193 3682 iaciendo
207 3624 337 3688 existere,
352 3623 381 3677 id
396 3626 439 3677 est
454 3622 484 3676 in
510 3621 714 3676 conformitate
732 3620 800 3686 mei,
817 3620 866 3691 qui

61 3732 125 3770 sum
141 3713 245 3768 veritas
259 3711 677 3783 tua,jurtaillud;1.Egosum,
694 3709 748 3776 via,
764 3708 867 3764 veritas

62 3806 91 3859 et
102 3802 161 3857 rita
174 3801 269 3870 (dean.
285 3817 342 3867 xxv,
356 3803 394 3867 6),
411 3821 425 3848 »
444 3800 486 3853 vel
495 3800 658 3870 potestesse
668 3796 813 3853 concessio
824 3797 865 3851 di-

61 3889 269 3961 vinaejnstitiae,
281 3889 320 3943 sic
332 3906 338 3942 ε
351 3888 419 3943 Dico
431 3888 509 3959 quod
517 3887 599 3956 series
610 3887 867 3957 quaerentanimam

62 3974 867 4044 meamdetinereinmorte,etideoconcedo,anertemata

61 4071 124 4126 hec
140 4085 157 4123 a
171 4082 219 4122 me
237 4082 273 4121 ne
288 4065 420 4120 detinear
435 4068 463 4119 et
479 4064 628 4130 cedam,et
639 4062 798 4117 dainimeeis
805 4064 867 4117 rnen

62 4158 221 4222 haecmala,
231 4149 865 4226 seilicetutabhostibusRomanisviueantur,

64 4250 93 4304 et
107 4246 137 4301 iu
154 4247 295 4299 aeternum
309 4242 493 4296 damnentur.
508 4239 631 4310 Exponit
643 4241 740 4293 autem
754 4248 866 4309 partem

63 4334 220 4399 malorum,
236 4346 302 4385 cnm
315 4329 412 4383 addit:
427 4327 460 4380 In
476 4329 587 4382 scritate
597 4333 653 4393 trra,
666 4326 695 4381 id
706 4329 748 4380 est
758 4326 787 4380 in
800 4342 866 4380 sero

60 4421 170 4496 judicio
184 4423 232 4474 tna
246 4422 275 4473 et
287 4420 364 4490 justo
379 4416 498 4488 disperde
513 4415 580 4481 iilos,
595 4415 623 4468 id
640 4416 682 4469 θεῖ
693 4415 805 4469 destrue
817 4430 868 4485 per

61 4513 158 4567 Titum
174 4512 204 4563 et
216 4506 436 4578 Vespasianum,
464 4506 507 4559 vel
534 4503 652 4573 disperde
675 4502 868 4558 destructione

64 4598 302 4654 mortisaeternse.
310 4592 520 4664 Adiungitvero
531 4607 656 4657 causam,
667 4607 754 4662 quare
765 4591 869 4644 debeat

64 4702 132 4743 eum
146 4687 219 4741 Deus
234 4682 368 4738 exaudire
377 4682 416 4735 sic
434 4699 440 4735 :
458 4681 540 4736 Oravi
556 4684 595 4746 te,
617 4681 802 4745 Deus,ut1ne
817 4678 869 4732 sal·

64 4791 133 4830 rum
143 4768 700 4842 faciasetjndices,etdignumestllam
710 4766 867 4832 retentare,

64 4863 95 4919 id
108 4865 152 4916 est
163 4860 286 4914 libenter
300 4875 358 4913 non
375 4857 474 4923 invite,
497 4857 651 4925 sacrificabo
674 4856 722 4909 tibi
745 4858 867 4908 memet-

64 4950 161 5024 ipsum
174 4949 203 5003 in
218 4961 311 5001 cruce.
327 4945 366 4999 Et
382 4949 447 5017 post
459 4945 611 5013 confitebar,
623 4944 652 4999 id
665 4947 867 4998 estveroscou-

65 5040 188 5095 sessores
199 5035 310 5107 pariam
327 5036 429 5088 norrn‘ni
439 5041 493 5099 tua,
510 5033 540 5088 id
554 5037 596 5087 est
610 5032 647 5087 ad
661 5033 803 5087 honorem
819 5048 869 5086 no·

66 5126 155 5183 minis
168 5125 220 5191 tul,
231 5123 355 5189 Domine,
373 5124 500 5194 quoniam
515 5123 612 5176 bonrnn
631 5129 668 5175 est
683 5119 823 5187 confiteri,
840 5119 868 5174 id

67 5219 111 5271 θεῖ
121 5215 230 5269 bonum
243 5217 286 5267 θεῖ
300 5215 331 5266 ut
347 5212 524 5266 consessores
537 5211 659 5281 pariam.
670 5211 703 5263 Et
713 5208 868 5263 ideosacri-

67 5302 466 5373 ficabo,quoniamcertussum
479 5299 550 5370 quad
569 5316 600 5351 ec
612 5299 685 5350 arreni
700 5297 870 5350 tribulatione

68 5389 124 5445 ista
133 5389 294 5461 eripuisti,id
305 5391 347 5442 est
357 5389 461 5457 eripies
471 5385 869 5452 me,lacicndoimmortalem,

916 3098 948 3151 ut
965 3095 1107 3165 resurgat,
1123 3092 1278 3148 osteudens
1295 3093 1459 3164 passionem
1481 3111 1574 3162 suam,
1595 3111 1646 3166 pro
1663 3112 1720 3166 qua

917 3197 984 3237 eum
999 3197 1114 3236 necesse
1129 3183 1172 3235 est
1191 3195 1284 3234 orare.
1302 3179 1370 3251 egit
1381 3180 1469 3236 etiam
1496 3180 1531 3236 de
1556 3183 1720 3254 repulsione

916 3270 1092 3336 ludaeorum,
1108 3272 1137 3323 et
1161 3267 1349 3323 conversione
1375 3269 1518 3340 gentium,
1541 3269 1576 3326 de
1595 3288 1720 3344 quorum

916 3360 1081 3415 ludaeorum
1097 3356 1286 3412 damnatione
1297 3362 1326 3412 et
1341 3356 1370 3410 in
1385 3373 1506 3430 corpore
1526 3362 1555 3414 et
1570 3360 1600 3416 in
1622 3362 1721 3420 anima

916 3447 1078 3503 concessive
1095 3446 1170 3519 agit;
1187 3446 1319 3517 praedicit
1342 3462 1456 3518 quoque
1484 3464 1512 3502 se
1539 3452 1722 3507 constantem

916 3537 1094 3601 futurumst
1109 3537 1338 3590 resurrecturum
1348 3538 1377 3589 θῖ
1387 3535 1423 3588 ad
1430 3536 1720 3607 ccelosascensnram,

917 3628 945 3681 et
961 3625 1015 3679 boc
1028 3625 1120 3678 totum
1144 3622 1181 3677 ad
1205 3622 1426 3677 instructionem
1454 3606 1540 3693 182
1555 3629 1723 3681 conserten.

917 3710 1021 3765 dorum
1035 3709 1127 3781 ponit,
1145 3711 1176 3763 ut
1191 3710 1226 3764 de
1237 3711 1326 3764 salute
1335 3725 1386 3764 sna
1397 3711 1489 3765 Deum
1503 3711 1634 3782 diligant,
1648 3716 1678 3767 et
1691 3714 1721 3770 in

917 3799 1078 3870 perditione
1096 3797 1255 3853 iuildelium
1269 3797 1321 3852 sibi
1338 3800 1466 3864 caveant,
1483 3815 1520 3852 ne
1533 3799 1556 3853 si
1571 3801 1657 3856 alteo
1668 3801 1722 3857 dis·

916 3886 1064 3954 cesserint,
1077 3885 1210 3940 similiter
1225 3884 1412 3941 damnentur.
1430 3885 1509 3939 Unde
1524 3885 1594 3941 dicit
1611 3904 1618 3942 :

952 3974 1072 4041 Exaudi,
1082 3973 1166 4041 Deus,
1175 3975 1323 4028 arationem
1336 3988 1432 4039 meam,
1449 3975 1480 4026 ut
1498 3990 1546 4029 me
1558 3976 1719 4046 resuscites,

918 4066 947 4119 et
961 4063 1159 4118 immortalem
1174 4061 1262 4117 facias
1277 4065 1307 4116 et
1321 4061 1437 4127 exaltes,
1447 4069 1512 4115 etne
1526 4061 1670 4134 despexeris
1679 4066 1722 4123 de·

914 4154 1094 4224 precationem
1103 4168 1199 4216 meam,
1213 4167 1270 4223 qua
1286 4166 1337 4205 oro
1349 4150 1541 4222 nepermittas
1556 4168 1603 4208 me
1616 4153 1646 4208 in
1659 4172 1722 4227 pas-

917 4239 998 4295 sione
1014 4239 1145 4294 deficere.
1163 4239 1252 4293 Orare
1267 4237 1384 4310 proprie
1397 4236 1529 4305 dicimur,
1548 4241 1664 4311 quando
1684 4243 1722 4299 ad

879 4296 971 4383 Dhoc
986 4343 1150 4398 precamur,
1165 4329 1196 4381 ut
1211 4325 1319 4397 aliquid
1334 4341 1556 4401 consequamur,
1571 4326 1719 4400 deprecari

917 4433 984 4470 vero
999 4414 1116 4487 quando
1134 4415 1169 4469 ad
1183 4415 1247 4480 boc,
1265 4416 1296 4467 ut
1309 4413 1417 4484 aliquid
1441 4413 1620 4470 incommodi
1635 4433 1719 4487 prece

918 4507 1043 4559 nostrae
1059 4502 1141 4558 nobis
1157 4502 1343 4573 depellamus.
1358 4498 1467 4553 Intende
1479 4502 1557 4568 inibi,
1570 4502 1599 4555 id
1614 4507 1665 4571 est,
1683 4505 1720 4560 da

918 4591 988 4645 mihi
1002 4589 1194 4644 intentionem
1208 4585 1428 4659 perseverantiae
1444 4585 1642 4656 invirtutibus,
1654 4591 1719 4647 etio

918 4679 995 4734 bono
1005 4676 1152 4751 proposito
1163 4676 1307 4741 meo,utte
1315 4673 1422 4728 scilicet
1431 4674 1544 4729 assidue
1553 4676 1667 4732 laudem
1680 4679 1719 4733 Et

918 4767 972 4821 hoe
984 4766 1082 4831 modo,
1094 4763 1569 4835 inquam,exaudimedaudomihi
1584 4763 1720 4821 intentio-

919 4872 997 4910 nem.
1013 4855 1070 4908 lloc
1090 4855 1187 4907 autom
1206 4850 1286 4904 addit
1307 4867 1340 4904 cr
1362 4850 1473 4922 ingenti
1500 4850 1660 4918 allectione,
1674 4856 1719 4910 vel

919 4943 986 5016 quia
1000 4943 1028 4996 in
1044 4938 1265 5013 passionelabor
1276 4937 1474 5004 maximusest,
1486 4955 1536 4991 scu
1549 4937 1578 4991 in
1592 4940 1719 5010 qualibet

918 5028 1131 5094 exercitatione,
1145 5026 1263 5099 ponitur
1276 5025 1497 5098 exercitatiopro
1504 5025 1718 5096 passione,dico

917 5119 1022 5173 examii.
1038 5118 1072 5170 Et
1087 5117 1260 5188 dignumest
1274 5127 1280 5168 τ
1298 5114 1402 5167 namsi
1416 5116 1442 5166 in
1452 5117 1637 5171 exercitatione
1648 5127 1717 5187 rned,

918 5207 947 5261 id
963 5209 1006 5260 est
1019 5205 1048 5259 in
1064 5204 1195 5277 passione
1211 5204 1383 5256 contristatus
1397 5218 1464 5268 suin,
1479 5201 1717 5261 idesteontrista-

919 5294 1038 5365 borpro
1063 5291 1177 5356 ludaeis
1206 5289 1274 5360 quia
1292 5287 1429 5342 doctrina
1456 5305 1529 5342 meae
1555 5290 1718 5349 noluntas-

921 5381 1064 5455 quiescere
1080 5394 1113 5432 ac
1128 5377 1151 5430 sl
1166 5377 1243 5430 dieat
1259 5393 1266 5430 :
1282 5376 1349 5430 ldeo
1363 5373 1535 5446 dignussum
1548 5379 1577 5430 ut
1588 5380 1721 5437 exaudiat

69 5486 95 5533 et
109 5477 199 5531 ocutus
214 5493 295 5542 rneus,
312 5476 341 5529 id
356 5479 399 5530 est
413 5474 605 5529 consideratio
620 5472 816 5543 mea,despecit
830 5488 873 5525 su·
920 5459 991 5543 ’quia
1005 5484 1055 5539 pro
1067 5470 1096 5521 te
1113 5482 1164 5521 ero
1180 5464 1209 5519 in
1223 5462 1427 5519 exercitatione
1442 5463 1592 5534 passionis,
1605 5470 1635 5521 et
1648 5469 1720 5527 adeo

70 5583 118 5640 per
130 5567 251 5622 inimicos
264 5565 399 5638 meas,qui
410 5564 497 5621 modo
511 5561 716 5620 interioremse
726 5563 872 5634 reputant.
906 5615 909 5620 ,
925 5559 1004 5632 prius
1013 5572 1073 5625 ero,
1089 5554 1167 5630 quod
1180 5554 1216 5613 de
1230 5553 1416 5613 inimieorum
1428 5552 1721 5623 obstinationeincre.
