3772 5976
64 316 119 390 ειε

570 322 749 391 ΕΧΡο81Τ10
767 331 803 390 ΙΝ
824 325 991 391 PSALMOS.
1007 361 1043 378 ·-
1054 320 1145 391 esar.
1163 320 1228 391 lxv

1673 321 1726 398 in

66 457 230 539 primorum
243 455 408 523 hominum,
424 455 581 511 secundum
590 459 673 512 malae
682 458 745 513 vitre
754 458 868 514 centor·
880 459 907 519 Α
921 459 1166 514 ιιιιιιιιιοιιοεειιιιε
1176 457 1334 526 advenisse,
1348 460 1378 513 et
1388 457 1724 515 edlrortanturnoinsul-

67 545 210 600 mitatem.
221 545 300 609 Quod
314 548 356 599 est
365 545 458 599 dicere
474 563 480 599 :
493 546 549 600 Hoc
565 546 643 618 quod
653 548 734 602 valde
746 546 870 600 terribilis

67 638 119 700 est,
137 638 257 706 apparet
273 636 299 687 in
312 635 429 688 consiliis
442 634 503 705 ejus
526 635 712 689 existentibus
726 653 801 707 cuper
820 636 870 690 bo·

65 722 169 789 mines,
184 723 212 777 id
228 727 269 776 est
285 723 387 794 quibus
410 722 577 777 dominatur
592 723 768 792 homiuibus,
789 740 868 779 com·

64 812 172 884 plendo
188 813 218 867 in
234 813 275 866 eis
285 813 424 901 quidqpid
440 813 490 868 sibi
501 815 608 884 placet:
619 817 647 868 et
660 815 713 869 boc
725 815 868 869 denotan-

64 903 113 955 tur
127 917 193 955 cum
210 901 278 955 dicit
291 918 379 980 ⁸super.
396 902 527 956 Ostendit
541 905 637 956 autem
652 902 714 973 ipsa
728 919 805 973 opere
817 910 868 955 ter-

64 990 157 1044 n'tn'lio
173 989 322 1045 subdendo
346 989 385 1043 sic
402 1007 408 1044 :
427 990 494 1045 Dico
514 990 623 1044 videtete
642 1006 720 1060 opera
741 990 867 1059 Domini,

65 1078 144 1150 quod
162 1078 301 1133 Dominus
313 1081 440 1132 correertit
455 1096 528 1132 mere
539 1079 568 1131 in
577 1078 696 1141 oridorn,
709 1078 737 1132 id
747 1081 790 1131 est
800 1095 868 1149 gen·

921 547 1727 620 tentgentibus,quandoquidemeculillominirespiciunt

919 641 1137 708 superuenere
1150 637 1189 691 sic
1205 637 1309 691 dicitur
1325 636 1564 709 quandoquidem
1579 638 1651 694 ocuti
1669 640 1724 693 llo·

919 724 992 779 mini
1002 727 1230 796 respiciuntsnper
1238 733 1336 794 gentes,
1348 742 1406 780 non
1419 743 1496 796 snper
1505 726 1519 778 J
1522 710 1727 796 udeeos23l}

918 815 1034 868 tantum
1051 830 1057 867 :
1075 831 1128 867 non
1144 813 1304 888 exaltentur,
1316 814 1345 868 id
1357 816 1398 867 εει
1416 831 1476 868 non
1488 814 1727 886 superbientum·

918 902 992 973 plius
1007 905 1034 955 in
1045 905 1198 973 semetipsis,
1221 903 1250 957 id
1272 908 1315 957 est
1339 903 1368 957 in
1391 919 1499 975 genere
1524 907 1553 957 et
1575 902 1603 957 in
1623 902 1726 958 nolitia

919 1007 969 1044 sun
986 1007 992 1042 :
1010 994 1039 1044 et
1053 991 1107 1046 hoc
1121 992 1279 1046 seeundum
1295 992 1372 1063 quod
1387 994 1454 1045 sunt
1467 991 1502 1046 de
1517 1008 1622 1062 genere
1637 992 1726 1045 Abra-

918 1078 974 1144 lue,
991 1076 1019 1131 ει
1034 1078 1083 1133 Dei
1100 1078 1233 1133 notitiam
1251 1079 1330 1150 prius
1348 1079 1523 1132 babuerunt.
1539 1079 1580 1132 llli
1593 1081 1723 1151 quiesces·

63 1170 181 1237 tesquis
193 1166 746 1231 amarelueruntetdittlucntcsinvitia
758 1171 868 1221 utiirnre
913 1173 1010 1235 perant
1032 1167 1168 1237 pietatem
1197 1166 1255 1233 llei,
1279 1171 1422 1238 quantum
1452 1167 1488 1221 ad
1509 1167 1723 1238 reputationem

64 1271 197 1308 amarum
208 1258 250 1308 est
262 1258 290 1309 et
301 1254 444 1322 dittluum,
456 1257 583 1308 conuertit
594 1257 621 1307 in
632 1256 737 1308 aridum
747 1259 866 1321 terram,

64 1342 95 1395 id
111 1346 153 1396 est
169 1343 205 1396 ad
219 1342 272 1396 boc
287 1346 317 1397 ul
332 1343 388 1398 sint
403 1348 480 1398 terra
504 1360 564 1408 sua,
587 1360 674 1415 quam
695 1346 805 1398 excolat
819 1360 869 1398 ro·

66 1447 147 1485 mere
162 1431 375 1502 predicationis
390 1449 396 1486 :
412 1437 440 1486 ει
455 1435 486 1485 ιιι
501 1431 558 1486 εἰει
571 1432 655 1499 ειιιιι,
672 1432 702 1486 ιιι
717 1437 759 1487 εει
769 1432 867 1486 sitien·

65 1520 109 1572 tes
123 1518 296 1585 doctrinam,
307 1537 394 1590 quam
410 1522 488 1591 prius
496 1520 694 1591 neglexerunt,
703 1521 739 1575 ad
750 1522 868 1576 modum

65 1606 246 1662 nrroearidae
258 1626 321 1679 quae.
333 1626 438 1679 aquam
450 1609 518 1663 sitit.
529 1610 590 1662 Non
599 1611 692 1664 solum
701 1612 798 1664 antem
815 1610 869 1663 hoc

66 1695 239 1750 beneficium
247 1696 405 1769 impendet,
414 1701 444 1751 ιιι
453 1700 600 1752 convertat
607 1701 708 1769 gentes
719 1698 867 1752 torridum:

66 1783 117 1837 sed
132 1784 208 1840 istud
224 1785 311 1839 etiam
335 1786 412 1855 quod
440 1786 501 1858 ipse
528 1787 558 1841 in
584 1788 695 1857 (lumine
718 1787 909 1875 existentesB

66 1874 218 1926 transibunt
230 1873 301 1927 illud
313 1877 422 1928 tlumen
434 1875 511 1944 pede,
520 1875 550 1929 id
564 1878 606 1929 est
614 1891 665 1945 per
675 1876 868 1929 humilitatem

64 1961 96 2015 in
113 1978 170 2032 qua
181 1963 416 2032 perseverabunt.
432 1962 515 2026 Quod
526 1967 568 2017 est
581 1963 675 2018 dicere
692 1981 698 2018 :
713 1964 807 2019 Faciet
821 1981 868 2018 eas

63 2049 188 2103 transire
205 2050 326 2117 flumen,
343 2050 371 2104 in
383 2068 439 2122 quo
451 2054 518 2104 sunt
527 2052 604 2121 pede,
616 2051 694 2106 idest
703 2051 868 2106 meritobu-

66 2137 196 2191 militatis
211 2155 268 2192 ειιεε
285 2155 291 2192 :
309 2140 352 2192 rel
365 2139 440 2209 pede,
453 2138 480 2193 id
497 2141 540 2193 cst
554 2156 620 2193 cum
635 2140 786 2193 securitate
803 2156 809 2193 z
825 2140 869 2194 vel

65 2226 142 2303 pede,
156 2227 185 2281 id
201 2230 243 2281 est
256 2227 390 2281 velociter
406 2245 412 2281 :
430 2227 539 2281 llumen
555 2228 660 2282 dieitur
677 2229 730 2283 boc
746 2230 869 2283 mortale

67 2317 216 2381 saeculum,
233 2333 267 2370 eo
283 2315 359 2386 quod
373 2315 409 2369 ad
433 2315 554 2371 modum
568 2317 695 2371 fluminis
709 2318 765 2371 cito
786 2319 866 2372 tluat.

66 2404 149 2469 Quod
164 2405 249 2459 lactet
264 2421 312 2458 eas
327 2405 448 2459 transire
466 2405 629 2460 reducendo
643 2406 680 2460 ad
696 2406 869 2462 immortali·

66 2496 169 2561 tatem,
186 2496 214 2547 et
227 2494 282 2548 hoc
294 2510 345 2565 pro
362 2494 525 2548 bumilitate
537 2512 598 2560 sua,
613 2498 640 2548 et
656 2495 791 2550 velociter
805 2499 870 2567 post

66 2598 187 2652 parrum
203 2585 316 2652 tempus
327 2584 356 2634 et
369 2598 477 2647 secure,
486 2582 554 2636 utin
571 2583 694 2637 discessu
708 2583 793 2652 hujus
805 2583 869 2638 vitae

66 2686 125 2725 non
138 2670 260 2724 timeant
274 2686 372 2740 poenas
386 2687 419 2723 ex
435 2671 608 2725 conscientia
621 2670 870 2743 delictorum,qni·

65 2757 119 2812 bus
135 2757 213 2830 prius
226 2758 470 2812 emundabuntur.
490 2760 541 2813 Pes
556 2775 607 2829 pro
617 2759 868 2831 hnmilitateponi-

919 1271 1010 1320 suain,
1036 1272 1094 1308 non
1117 1259 1257 1326 quantum
1274 1256 1310 1309 ad
1326 1258 1431 1321 Deum,
1449 1255 1496 1326 qui
1512 1255 1541 1308 in
1557 1272 1607 1309 sua
1620 1260 1724 1310 natura

918 1357 1034 1412 semper
1048 1341 1125 1395 mitis
1139 1347 1190 1396 est.
1207 1342 1288 1405 Quod
1314 1346 1356 1396 est
1387 1343 1482 1397 dicere
1501 1345 1555 1396 :ln
1579 1343 1633 1397 hoc
1658 1360 1723 1397 eam

918 1429 1196 1501 redduntasperam,
1210 1431 1288 1502 quod
1305 1430 1723 1504 solummodojudicantipsam

920 1519 1056 1590 pietatem
1074 1519 1179 1574 debere
1196 1520 1325 1575 misereri
1340 1520 1455 1584 luderis,
1471 1537 1530 1575 non
1547 1520 1634 1575 etiarn
1653 1537 1723 1591 gen-

919 1607 1005 1663 tibus.
1022 1609 1322 1663 Adhorlanturautem
1331 1613 1433 1680 gentes
1443 1609 1480 1663 ad
1493 1610 1723 1664 benedicendum

921 1697 1024 1763 Deum,
1038 1696 1076 1750 sic
1092 1713 1098 1750 :
1113 1697 1187 1768 Ergo
1201 1697 1268 1768 quia
1283 1697 1354 1750 oculi
1362 1698 1419 1767 ejus
1432 1699 1722 1768 respiciuntnqrervos,

922 1784 1071 1852 benedicite,
1086 1792 1184 1855 gentes,
1200 1784 1287 1839 Deum
1298 1793 1427 1850 nostrum,
1439 1785 1467 1840 id
1483 1790 1525 1840 εει
1540 1786 1653 1840 laudate
1664 1801 1725 1839 om·

920 1873 1040 1928 nimoda
1054 1874 1138 1928 laude
1152 1873 1310 1928 devotionis
1322 1876 1350 1927 et
1358 1873 1462 1944 operis.
1472 1873 1557 1944 Cujus
1569 1873 1639 1928 ocuti
1647 1890 1725 1944 snper

919 1978 969 2016 ros
983 1964 1135 2032 respiciunt,
1151 1962 1198 2032 qui
1215 1964 1289 2017 Deus
1305 1965 1357 2029 εει,
1374 1966 1402 2016 ει
1417 1965 1525 2031 ιιοειει,
1542 1961 1570 2016 ιιι
1583 1962 1723 2016 esthemo

919 2053 1027 2104 nostrae
1057 2055 1167 2105 naturae
1189 2051 1321 2117 existens,
1342 2056 1366 2105 et
1392 2067 1450 2105 non
1479 2053 1573 2106 solum
1593 2067 1680 2122 opere
1696 2054 1724 2104 ει

920 2137 1072 2194 ιιειόιιοιιε
1087 2139 1222 2208 ιειιιιειιε;
1244 2140 1291 2194 sed
1308 2139 1428 2193 creditam
1441 2140 1524 2210 sorite
1540 2156 1628 2193 uocem
1639 2138 1724 2191 leudis

920 2226 986 2296 ejus,
1003 2225 1031 2281 id
1049 2231 1091 2281 est
1105 2228 1219 2282 landate
1235 2244 1301 2282 eum
1318 2228 1480 2295 manifeste,
1497 2230 1528 2281 ut
1543 2227 1661 2281 audiant
1677 2225 1724 2280 alii

921 2318 950 2369 et
965 2317 1097 2387 exemplo
1113 2319 1206 2371 restro
1218 2317 1332 2370 laudem
1346 2315 1417 2386 ejus.
1436 2314 1587 2387 Sequitur:

957 2402 1012 2468 Qui
1025 2406 1115 2473 posint
1136 2405 1256 2457 animem
1272 2421 1357 2458 meunt
1372 2403 1408 2457 ed
1430 2406 1523 2469 citam,
1541 2419 1573 2457 ae
1586 2402 1608 2456 si
1626 2401 1721 2457 dieat:

921 2489 950 2544 Si
968 2491 994 2545 in
1012 2492 1099 2546 laude
1113 2492 1326 2563 persecutiones
1344 2491 1423 2546 robis
1445 2490 1617 2562 ingruerint,
1634 2489 1723 2545 nolite

920 2583 1001 2634 metu
1014 2579 1151 2634 desistere
1164 2598 1181 2635 a
1196 2580 1290 2647 laude,
1304 2580 1354 2634 sed
1370 2580 1513 2652 patienter
1528 2578 1675 2645 sustinete,
1693 2580 1724 2632 ut

920 2684 973 2739 per
984 2669 1038 2723 boc
1058 2668 1194 2722 advitam
1213 2668 1394 2740 perveniatis,
1413 2669 1485 2723 sicut
1500 2671 1528 2722 ει
1544 2685 1596 2722 ιιοε
1611 2668 1722 2739 patien-

920 2759 965 2810 ter
977 2757 1150 2811 sustinemus
1162 2756 1328 2810 utadritam
1342 2757 1634 2827 perveniamuslleus
1643 2755 1722 2810 enim

65 2849 171 2913 tur,eo
190 2846 268 2917 quod
295 2845 330 2900 sit
358 2846 478 2900 interior
502 2863 568 2918 pars
587 2847 725 2916 corporis.
748 2846 869 2901 Ponitur
915 2846 1006 2915 posuit
1021 2848 1140 2898 oninium
1163 2861 1258 2910 ineunt,
1284 2844 1352 2898 dicit
1375 2844 1497 2899 Ecclesia
1513 2844 1721 2915 apostolorum,

66 2933 153 2988 etiam
170 2949 222 3003 pro
238 2934 398 3000 velocitate,
413 2951 447 2989 eo
464 2933 540 3005 quod
558 2935 691 2989 velocitas
704 2935 731 2987 in
748 2934 867 3005 pedibus
919 2931 948 2986 id
959 2936 1001 2986 est
1013 2933 1175 3008 humiliavit
1187 2932 1402 2986 sensualitatem
1412 2948 1508 2986 meam
1518 2932 1546 2986 in
1561 2931 1721 2986 tribulatio·

64 3021 192 3077 hominis
208 3021 345 3076 tundetur
362 3042 368 3076 ε
384 3022 501 3093 ponitur
509 3038 624 3093 quoque
638 3038 690 3093 pro
703 3022 865 3089 securitate,
919 3020 1012 3087 nibus,
1023 3021 1052 3075 id
1063 3024 1105 3074 εει
1115 3020 1204 3092 attligi
1220 3019 1359 3092 permisit,
1373 3023 1402 3073 et
1416 3021 1468 3074 hoc
1484 3020 1520 3072 ειι
1534 3022 1616 3073 uitem
1630 3019 1720 3090 adipi-

65 3126 99 3165 eo
116 3111 193 3181 quod
209 3110 329 3182 pedibus
343 3127 441 3165 secure
457 3111 587 3165 nitimur.
601 3111 659 3174 Vel,
667 3101 902 3181 pertransibuntC
918 3110 1065 3177 scendam,
1080 3109 1108 3163 id
1124 3114 1164 3164 est
1177 3114 1207 3163 ut
1217 3109 1425 3179 perhocvitam
1436 3109 1630 3181 adipiscamur
1640 3111 1721 3163 celer·

65 3199 186 3263 tlumen,
199 3198 228 3252 id
240 3202 283 3253 εει
297 3201 486 3253 contemnent
496 3198 676 3253 altluentiam
687 3199 867 3253 saecularium

63 3287 219 3350 bonorum,
233 3303 297 3359 quse
311 3287 415 3341 dieitur
430 3286 551 3353 flumen,
568 3304 601 3342 eo
619 3289 695 3359 quod
713 3289 769 3342 cito
786 3288 866 3357 fluat,

63 3380 92 3431 et
107 3377 160 3431 boc
174 3376 280 3431 sacient
288 3376 363 3446 pede,
377 3376 406 3430 id
421 3380 464 3430 cst
481 3376 627 3443 velociter,
640 3380 668 3431 et
682 3377 709 3431 in
719 3377 865 3432 bumilita-

62 3468 103 3531 te,
121 3468 225 3518 utnon
250 3465 317 3519 inde
340 3464 534 3536 superbiant:
555 3469 582 3518 ει
599 3465 646 3529 itt,
661 3465 689 3518 id
710 3468 752 3519 est
772 3468 799 3518 in
821 3465 866 3519 illo

62 3553 185 3608 transitu
205 3553 363 3619 tutabimur,
380 3555 408 3606 et
431 3568 482 3607 nos
499 3553 619 3623 apostoli
639 3557 667 3606 et
681 3555 783 3624 gentes
804 3571 867 3625 per·

60 3645 243 3696 transeuntes
269 3644 296 3695 in
319 3644 375 3712 ipsc
401 3644 472 3709 Deo,
497 3658 557 3697 non
580 3642 815 3696 contristabimur
830 3644 865 3697 de

61 3731 216 3785 emissione
231 3731 454 3802 temporalium;
472 3729 864 3786 velseeundumsententiam

62 3819 190 3891 priorem
213 3818 272 3873 :In
295 3822 349 3890 qno
374 3819 535 3885 latobinnir,
551 3817 580 3871 id
603 3822 645 3873 est
667 3819 695 3872 in
712 3820 864 3890 adeptione

61 3908 151 3980 ipsius
165 3925 229 3963 eum
246 3909 281 3962 de
294 3909 347 3962 boc
363 3908 472 3963 mundo
494 3908 740 3979 pertransibimus.

98 3995 133 4049 In
147 3999 201 4067 ipse
217 3995 280 4050 dieo
295 3999 342 4067 qui
356 3996 511 4049 dominetur
531 3998 558 4050 in
577 4003 705 4050 eternum
728 3999 756 4049 in
770 3998 866 4051 virtute

62 4102 122 4152 sno,
139 4085 224 4140 idest
239 4085 268 4138 in
281 4085 411 4156 potentia
426 4085 477 4139 sibi
492 4101 632 4156 congrua,
649 4102 706 4140 non
723 4084 752 4139 in
763 4085 865 4140 virtute

63 4173 158 4228 aliena
170 4190 176 4227 :
193 4175 236 4227 vet
248 4190 277 4227 tn
289 4176 386 4227 virtute
396 4190 454 4238 ειιιι,
466 4173 543 4228 ιιιεει
555 4173 583 4227 in
600 4173 729 4245 potentia
741 4191 866 4228 resurre-

59 4263 173 4317 ctionis.
190 4261 272 4326 Quod
287 4265 330 4316 est
340 4262 435 4316 dicere
451 4279 457 4315 :
475 4263 865 4318 Perhocllominnsetlectus

917 3215 997 3252 nam.
1010 3200 1120 3253 Ponere
1136 3197 1251 3270 proprie
1261 3197 1391 3264 dicimus,
1407 3197 1523 3269 quando
1534 3214 1579 3252 res
1590 3197 1625 3251 de
1637 3214 1719 3269 supe-

917 3286 985 3341 riori
997 3288 1059 3342 loeo
1071 3290 1196 3359 sumpta,
1209 3286 1328 3340 interius
1339 3285 1471 3340 mittitur.
1485 3286 1610 3357 ldeoque
1621 3302 1721 3340 convc-

918 3375 1032 3430 nienter
1047 3391 1099 3446 pro
1110 3375 1262 3429 humiliare
1273 3389 1381 3444 ponere
1396 3374 1542 3446 accipitur,
1556 3374 1721 3445 etquamris

918 3480 965 3518 me
984 3468 1084 3535 posuit,
1107 3469 1273 3519 nontamen
1296 3464 1369 3519 dedit
1383 3467 1411 3518 in
1433 3466 1632 3518 commotionem
1640 3464 1720 3535 pedes

917 3572 996 3621 meos,
1010 3555 1039 3609 id
1056 3559 1098 3609 εει
1111 3573 1170 3609 ιιειι
1182 3555 1311 3626 permisit
1327 3555 1356 3608 in
1370 3555 1598 3609 commotionem
1609 3555 1669 3609 dari
1681 3555 1721 3608 at-

916 3644 1055 3697 sectiones
1067 3660 1157 3708 meas,
1180 3647 1211 3697 ut
1231 3660 1290 3714 prae
1310 3643 1414 3697 timore
1432 3659 1581 3714 poenarum
1601 3659 1617 3696 a
1642 3643 1718 3696 bono

916 3731 1333 3801 propositoeommorerentur.
1346 3728 1534 3798 Possetobjici
1548 3729 1617 3782 :tuit
1626 3729 1718 3783 neati-

917 3819 985 3890 quid
996 3818 1071 3873 unde
1092 3818 1211 3889 possetis
1225 3816 1425 3871 commoverit
1440 3816 1483 3869 Ad
1501 3816 1627 3886 quodsic
1637 3816 1717 3870 addi-

915 3910 972 3974 tur,
990 3907 1121 3962 faciendo
1136 3906 1344 3979 apostropham
1365 3906 1400 3959 ad
1424 3906 1516 3958 Deum
1532 3920 1596 3958 eum
1611 3904 1717 3974 gratia-

915 4013 980 4050 rum
988 3996 1111 4057 actione,
1124 3997 1158 4050 de
1169 3996 1330 4050 constantia
1341 4011 1404 4049 sua:
1417 3994 1488 4047 Vere
1496 3993 1630 4049 tuitunde
1638 4010 1718 4048 com-

916 4085 1024 4140 moveri
1039 4101 1195 4156 possemus.
1220 4084 1351 4150 Quoniam
1368 4087 1408 4149 ιιι,
1432 4083 1503 4136 Βειιε
1522 4082 1643 4153 probasti
1660 4100 1715 4137 ner.

916 4174 1038 4245 Exponit
1052 4191 1119 4228 vero
1131 4171 1596 4244 quomodoprobarit,eumaddsst,
1610 4171 1717 4227 scilicet

915 4264 1076 4316 examinasti
1084 4279 1130 4315 nos
1140 4260 1434 4329 ignetribulationum,
1446 4263 1474 4313 et
1487 4276 1545 4313 non
1559 4260 1595 4313 ad
1606 4260 1716 4314 incom-

59 4354 112 4417 est,
129 4351 196 4423 quia
213 4367 309 4421 passus
324 4353 407 4405 estet
422 4352 586 4405 resurrexit.
605 4353 688 4405 Juxta
703 4352 772 4406 illud
787 4353 862 4424 Apo·
876 4340 903 4400 D
916 4351 1034 4405 modurn
1051 4354 1193 4419 nostrum,
1210 4353 1242 4403 ιιι
1257 4365 1289 4402 ει
1302 4352 1363 4403 ιοιο
1376 4364 1584 4402 consumamur
1594 4350 1652 4418 igne
1666 4349 1715 4402 tri·

58 4440 124 4494 stoli
139 4456 145 4492 :
159 4462 172 4489 «
184 4439 266 4493 [ledit
276 4438 316 4493 illi
328 4455 435 4493 nomen
446 4439 523 4510 quod
543 4442 586 4493 εει
600 4456 687 4511 super
711 4456 798 4494 omne
815 4457 864 4495 no·

56 4544 127 4582 men
140 4528 225 4598 (Ptn't.
242 4544 272 4593 ιι,
291 4530 346 4596 to).
363 4549 376 4576 ε
394 4527 475 4590 Quod
488 4530 531 4581 est
546 4527 640 4582 dicere
657 4527 740 4582 :Non
757 4528 862 4584 trustra

57 4616 216 4671 leetandum
230 4619 273 4671 est
289 4616 317 4669 in
334 4632 379 4682 ee,
396 4632 462 4670 cum
473 4615 533 4686 ipse
545 4616 712 4670 dominetur
720 4618 750 4670 in
765 4618 862 4671 virtute

54 4719 105 4759 ono
123 4702 385 4767 iitaternum.011ia
402 4719 469 4757 vero
491 4702 601 4757 dixerat
619 4719 624 4757 :
641 4705 771 4758 convertit
789 4721 862 4758 inere

55 4793 85 4848 in
110 4792 225 4858 aridam,
243 4810 279 4847 ne
296 4798 399 4863 gentes
424 4795 560 4862 putarent
582 4809 612 4846 se
630 4792 731 4847 salvari
752 4793 861 4848 meritis

56 4880 124 4947 suis,
138 4880 217 4935 addit
232 4880 289 4935 sic:
308 4881 375 4935 Dico
386 4882 516 4936 conuertit
530 4880 649 4948 rnmnid
665 4883 708 4934 est
723 4884 823 4952 gentes
831 4882 861 4936 in

55 4969 274 5038 oridnin,etboc
290 4985 350 5024 non
366 4969 470 5023 merito
486 4969 627 5040 gentium,
643 4969 692 5023 sed
716 4969 787 5023 oculi
804 4969 860 5039 ejus

55 5056 262 5113 misericordiae
277 5058 429 5128 respiciunt,
447 5057 524 5110 idest
538 5056 762 5111 misericorditer
770 5063 860 5126 pentes

54 5144 172 5214 respicit
183 5147 321 5211 utsalret,
339 5163 355 5199 a
371 5144 557 5199 similitudine
572 5145 611 5216 pii
627 5145 751 5215 patrcni,
766 5146 859 5217 quide

53 5232 172 5287 sublimi
186 5234 255 5288 solio
273 5233 437 5305 imperiisui
453 5232 579 5304 aliquem
590 5249 758 5304 oppressum
773 5235 860 5289 oeulis

55 5320 173 5392 pietatis
188 5339 246 5376 suae
258 5322 382 5395 respicit,
399 5325 430 5375 ut
440 5337 506 5375 eum
518 5322 615 5374 salvet.
631 5320 749 5375 Faciunt
762 5325 859 5376 autem

55 5411 264 5482 apostropham
278 5410 316 5465 ad
331 5425 483 5464 conversos
499 5409 534 5463 de
550 5409 665 5476 luderis,
675 5409 859 5480 quiattirma-

914 4438 1095 4493 bulationum
1110 4454 1116 4491 :
1131 4438 1181 4492 sed
1200 4438 1240 4492 lta
1259 4439 1431 4503 examinasti,
1451 4439 1523 4491 sicut
1546 4439 1716 4491 examinatur

913 4532 1062 4596 argentum.
1077 4525 1159 4589 Quod
1170 4529 1213 4579 est
1223 4526 1317 4580 dicere
1328 4543 1334 4580 :
1347 4524 1425 4578 Sicut
1438 4529 1590 4595 argentum
1605 4524 1633 4579 in
1648 4525 1714 4597 igne

912 4616 1038 4687 positum
1052 4617 1232 4682 examinatur,
1248 4614 1278 4668 id
1293 4617 1336 4668 est
1352 4615 1433 4668 omni
1450 4613 1534 4669 sorde
1559 4614 1690 4685 expiatur
1706 4633 1714 4681 ;

912 4703 952 4758 ita
963 4720 1014 4758 nos
1025 4706 1084 4772 r'gne
1093 4702 1308 4757 tribulationum
1321 4701 1449 4773 expiasti.
1465 4702 1628 4757 Notandum
1638 4703 1714 4773 quod

913 4808 971 4845 non
988 4790 1053 4845 ideo
1068 4791 1137 4845 dicit
1145 4789 1270 4862 pretorii
1282 4790 1359 4862 quod
1372 4790 1450 4860 prius
1462 4806 1563 4845 eorum
1578 4791 1712 4843 constan-

912 4877 982 4932 tiam
996 4877 1153 4949 ignoraret,
1160 4879 1210 4934 sed
1221 4879 1296 4934 idem
1307 4884 1349 4935 est
1357 4895 1391 4933 ac
1406 4878 1428 4932 si
1446 4877 1555 4932 diceret
1565 4894 1571 4929 :
1582 4877 1637 4930 Nos
1646 4893 1713 4948 pro·

911 4965 993 5021 batos
1004 4967 1162 5033 ostendisti,
1175 4967 1223 5039 qui
1234 4967 1312 5039 prius
1325 4984 1383 5022 non
1399 4966 1569 5020 videbamur
1579 4968 1712 5018 constan-

910 5053 1712 5128 tes.Demonstratautemipsastribulationesperpartes,

911 5144 950 5200 sic
965 5162 971 5198 :
986 5145 1051 5199 Dico
1068 5145 1145 5217 quod
1155 5146 1276 5216 probasti
1290 5162 1336 5197 nos
1347 5147 1417 5213 igne,
1434 5146 1462 5197 et
1472 5159 1537 5197 ecee
1551 5143 1649 5213 ignem
1664 5142 1715 5196 sci-

911 5233 977 5288 lieet
993 5235 1121 5287 induxisti
1134 5250 1190 5298 nos,
1200 5234 1226 5287 id
1243 5237 1284 5286 εει
1299 5231 1454 5303 permisisti
1469 5249 1520 5286 nos
1531 5230 1627 5285 induci
1639 5231 1712 5284 inbr-

911 5340 1017 5396 qucum,
1032 5323 1061 5378 id
1073 5327 1116 5378 est
1128 5322 1157 5376 in
1174 5322 1298 5376 diversas
1312 5321 1460 5391 captiones
1477 5337 1636 5399 carcerum,
1653 5319 1712 5392 cip·

909 5428 1027 5484 porum,
1052 5410 1238 5483 compedum,
1264 5412 1445 5475 catenarum,
1473 5407 1664 5474 vinculorum,
1685 5410 1718 5462 ει

57 5498 131 5555 bant
145 5500 238 5554 nullos
253 5502 358 5570 praeter
371 5498 484 5553 ludaeos
499 5497 529 5552 in
547 5497 603 5552 side
616 5497 797 5568 recipiendos
816 5515 860 5553 es·
912 5503 1083 5555 caeterorum
1098 5499 1262 5570 hujusmodi
1278 5516 1284 5567 ;
1300 5501 1424 5570 posuisti,
1450 5497 1479 5554 id
1504 5501 1546 5553 est
1560 5497 1715 5572 permisisti

57 5603 101 5663 ee,
117 5587 246 5647 dicentes
264 5587 421 5650 Dominum
447 5587 542 5646 lesum
562 5602 615 5664 pro
632 5586 796 5645 ludaeorum
815 5604 861 5646 so·
912 5589 1093 5648 nitubtiones
1109 5592 1137 5647 in
1151 5589 1227 5647 dorso
1246 5595 1345 5660 nostre,
1363 5592 1395 5645 ut
1418 5588 1536 5647 diversis
1549 5588 1716 5649 verberibus
