3772 5970
110 247 181 319 rese
220 336 223 340 Α
523 254 569 291 ··
607 236 1276 325 armsmonrsunos;-·-·rsn.cn
1697 258 1767 340 iseo

108 381 195 443 idest
208 381 415 444 recreabuntur
421 383 610 460 resurgendo,
619 384 789 443 streneeetc's
800 384 908 458 (niem,
916 391 947 454 A
963 388 1129 447 Peccatores
1138 388 1320 450 delectantur
1332 389 1362 450 in
1375 392 1460 454 melis
1473 398 1617 471 operibus.
1630 400 1689 478 Ege
1700 420 1767 464 vero

107 474 138 532 id
154 479 197 532 est
210 477 346 544 formem,
361 478 446 533 terrea
461 477 498 533 ad
516 475 853 533 litteramEtbeaedicit
866 491 910 531 re·
959 476 1009 548 qui
1027 479 1254 552 prophetasum,
1280 482 1360 555 cnjus
1383 486 1538 544 auctoritas
1551 493 1581 546 et
1602 496 1766 567 exemplum

107 564 275 619 novandum
291 581 343 623 esse
354 564 453 634 sociem
467 571 554 620 tens.
568 564 657 620 Terra
684 563 790 637 quippe
816 564 846 619 et
859 579 909 619 aer
958 567 1138 639 sequendum
1150 573 1202 637 cst,
1219 570 1421 628 delectaberis
1430 574 1523 644 laude,
1533 578 1766 657 etinbonisope·

107 656 137 708 et
151 653 306 720 elementa,
323 670 387 726 ques
417 654 454 710 ad
468 670 535 709 usus
550 656 663 709 nostros
677 652 909 708 transmutabilia
957 652 1036 710 ribus
1051 672 1115 729 quea
1131 657 1168 713 ad
1183 658 1339 715 Dominum
1361 661 1518 732 pertinent,
1535 666 1710 740 delactabor,
1722 672 1767 728 in·

106 743 183 809 sunt,
196 741 388 798 immutabilia
403 741 475 798 ssent
486 744 515 797 ct
530 742 658 798 formosa
685 743 714 796 et
727 757 811 796 nova.
828 739 909 796 Unde
959 758 1057 814 quam.
1072 745 1111 799 Ac
1130 744 1244 802 sidicat
1260 763 1267 803 :
1282 747 1354 803 Cum
1380 750 1540 808 delectione
1569 753 1643 810 bene
1668 775 1769 833 opere.

105 829 229 900 legitur:
242 852 256 880 «
273 830 342 884 Ecce
358 846 432 885 nova
446 830 521 886 lacio
537 829 637 886 omnia
651 828 746 901 (Apes.
765 845 820 898 m,
838 828 876 900 5).
892 846 909 881 a
959 831 1022 886 bor.
1038 833 1090 888 Per
1104 833 1161 888 boc
1179 836 1275 891 autem
1303 853 1356 892 nos
1371 836 1486 894 instruit
1500 857 1565 897 cum
1577 842 1768 906 delectatione

105 917 164 972 Hoc
175 920 273 973 eutem
288 918 365 991 quod
380 918 477 988 [eciem
492 926 569 974 terra
581 918 730 986 renovatis,
746 918 783 973 ad
796 915 909 988 magni·
958 917 1033 973 bene
1048 919 1171 991 operari.
1186 920 1255 978 Orat
1283 926 1380 979 aulem
1395 941 1447 998 pro
1460 944 1513 983 uos
1521 928 1729 989 delectantibus
1738 935 1768 994 in

104 1003 252 1062 licentiam
267 1006 318 1063 Dei
331 1007 465 1079 pertinet.
483 1007 516 1061 Et
539 1006 607 1061 inde
622 1005 700 1079 quod
724 1005 811 1061 iacies
825 1007 910 1060 terrea
959 1006 1083 1062 Domino
1099 1007 1155 1064 sic:
1171 1009 1234 1066 dieo
1262 1012 1400 1083 quoniam
1415 1030 1470 1085 ego
1494 1017 1660 1075 delectabor
1671 1021 1700 1076 in
1711 1024 1768 1079 Do·

105 1094 303 1162 renovabitur,
329 1098 358 1150 et
384 1094 483 1150 ssdeles
509 1095 728 1163 recreabuntur,
757 1093 813 1149 erit
825 1093 911 1164 pern
961 1092 1055 1151 mino:
1067 1099 1096 1150 et
1110 1099 1141 1152 ut
1153 1100 1607 1172 peccatorespossintinDomino
1621 1107 1768 1181 delectari,

104 1182 217 1238 Dmnini
228 1183 366 1239 duratura
377 1199 467 1256 usque
481 1186 509 1239 in
523 1183 660 1251 seculum,
680 1182 711 1238 id
723 1184 766 1238 est
778 1179 911 1253 usquein
956 1188 1107 1252 peccatores
1125 1189 1265 1256 quantum
1279 1186 1314 1241 ad
1341 1188 1432 1261 sequi
1456 1190 1588 1249 videlicet
1602 1194 1632 1249 in
1647 1213 1677 1252 se
1693 1200 1770 1256 mala

104 1273 259 1336 aeternum,
275 1275 304 1326 et
317 1271 444 1328 concedo
457 1270 575 1345 quidem
591 1275 622 1327 ut
634 1273 670 1327 sit
691 1271 779 1343 pieria
802 1269 914 1325 Domini
961 1273 1262 1343 operantur,deficiont
1287 1281 1404 1344 eterra,
1424 1277 1454 1333 id
1478 1283 1550 1337 asta
1579 1282 1769 1344 delectatione

104 1359 281 1427 insecutum,
311 1359 419 1416 scilicet
434 1363 466 1416 ut
490 1359 630 1416 Dominus
655 1349 833 1432 glorificetur
860 1372 913 1430 per
961 1358 1147 1429 terrenitatis,
1157 1363 1187 1417 et
1201 1360 1242 1416 illi
1256 1361 1639 1441 quisuntiniqui,quantum
1651 1372 1765 1430 adeline

105 1447 346 1520 glorificationem
360 1465 479 1505 suorum
494 1448 523 1503 in
536 1451 689 1504 aeternum.
706 1449 737 1503 ln
752 1447 912 1503 hocautem
961 1443 1059 1518 inique
1073 1447 1180 1504 scilicet
1193 1452 1311 1522 agentes
1332 1449 1361 1505 in
1376 1453 1532 1524 proximos,
1547 1457 1652 1527 deficiat
1669 1467 1699 1514 ut
1717 1478 1772 1517 nen

104 1534 189 1592 nobis
202 1537 366 1609 exemplum
381 1537 481 1593 tribuit
489 1539 580 1593 Deum
594 1534 784 1608 gloriflcandi.
961 1535 1014 1588 sint
1028 1533 1129 1607 iniqui.
1140 1535 1182 1591 'lu
1204 1553 1283 1606 vero,
1311 1541 1403 1595 enimc
1427 1557 1486 1596 mcc
1515 1543 1619 1600 benedic
1642 1547 1770 1617 Domino,

111 1644 118 1652 ·
141 1625 175 1678 Et
189 1627 257 1680 tunc
271 1625 387 1697 quaudo
402 1624 502 1681 fideles
515 1624 755 1698 glorificabuntur
768 1625 913 1679 etrecrea·
962 1622 1039 1678 bona
1047 1623 1336 1682 allectionecontuitu
1343 1643 1464 1702 operum
1472 1631 1759 1707 ejusmagnillcorum

104 1711 212 1768 buntur
224 1713 385 1768 letabuntur
395 1713 526 1769 Dominus
541 1714 668 1770 Christus
682 1716 711 1767 in
718 1713 837 1784 operibus
846 1713 910 1780 suis,
925 1691 950 1752 Β
963 1724 1026 1782 quse
1041 1711 1254 1783 superiusdicta
1267 1718 1344 1770 sunt.
1763 1694 1771 1725 ’

103 1799 134 1856 id
147 1801 230 1856 estin
242 1800 479 1876 magnificatione
493 1802 637 1857 bonorum
653 1817 717 1874 quae
740 1800 787 1855 hic
813 1799 843 1854 in
854 1799 913 1855 suis
1212 1801 1246 1856 ΙΝ
1266 1802 1428 1861 Psatuuu
1446 1805 1512 1861 clv.

104 1892 251 1959 operatur,
268 1889 317 1962 qui
331 1892 399 1944 tunc
413 1888 540 1945 efficient
554 1892 585 1945 ut
598 1892 667 1944 tunc
682 1888 736 1962 ipsi
748 1888 912 1961 glorificen·
996 1887 1105 1943 Titulus
1121 1889 1270 1946 centesimi
1292 1892 1397 1964 quarti.
1413 1893 1543 1952 Alleluia.
1561 1896 1644 1962 Quod
1659 1901 1702 1955 est
1727 1899 1773 1956 di·

104 1978 161 2032 tur.
178 1975 261 2040 Quod
276 1980 319 2032 est
333 1976 530 2033 dicere:Tunc
539 1976 688 2051 apparebit
701 1975 911 2050 perproemium
961 1991 1026 2032 cere
1037 1993 1044 2030 :
1057 1975 1183 2033 laudate
1199 1978 1367 2038 Dominum.
1381 1982 1501 2039 Alleluia
1510 1985 1618 2058 quippe
1627 1987 1770 2060 interpre-

103 2063 912 2138 glorilicationiseorum,quiaDominuslastaturinbonis
961 2063 1168 2132 taturlaudcte,
1198 2066 1227 2122 id
1255 2083 1322 2123 vero
1349 2071 1392 2123 est
1426 2072 1574 2144 quoddam
1598 2090 1707 2131 nomen
1719 2075 1771 2134 Dei

103 2153 250 2226 operibus,
267 2169 331 2226 quea
346 2153 406 2225 ipse
421 2153 450 2209 in
467 2153 507 2208 eis
521 2157 668 2225 operatur.
693 2152 910 2225 Repetitautem
962 2152 1039 2224 apud
1053 2152 1197 2209 llebraeos.
1221 2155 1291 2211 lnde
1318 2155 1432 2213 alleluia
1447 2162 1490 2214 est
1519 2161 1614 2218 dicere
1631 2162 1772 2221 :Leman

105 2241 234 2298 breviter
248 2242 284 2298 ad
299 2242 585 2299 commendationem
616 2241 838 2315 magnificentia
851 2241 912 2313 ejus
961 2239 1059 2296 Decem.
1077 2240 1111 2296 Et
1124 2256 1253 2314 congrue
1268 2242 1386 2317 quidem
1412 2248 1539 2319 psalmus
1558 2248 1622 2319 iste,
1648 2247 1772 2308 leuitate

104 2334 218 2401 perlem
242 2330 360 2386 illorum
390 2346 512 2404 operum
538 2329 586 2386 sic.
611 2330 752 2398 Dominus,
780 2329 910 2402 inquam,
961 2327 1050 2382 Deum
1061 2328 1233 2385 intitulatur.
1250 2331 1396 2404 Propheta
1409 2350 1515 2406 nempe
1531 2337 1568 2392 ad
1582 2338 1770 2411 plenitudinis

104 2418 248 2486 laetabitur,
261 2419 290 2475 id
313 2422 356 2475 est
382 2419 533 2492 apparebit
557 2436 609 2492 per
633 2403 727 2491 417
776 2417 911 2474 ellectum
961 2419 1076 2489 tempus
1091 2417 1248 2473 extendens
1263 2421 1537 2500 aeconsideratione
1560 2424 1659 2482 fideles
1674 2427 1770 2484 extu·

103 2508 229 2581 praemii,
240 2507 308 2581 quia
321 2507 460 2563 Dominus
475 2507 510 2563 ds
525 2508 609 2564 bouis
635 2507 769 2581 operibus
792 2522 911 2562 suorum
962 2503 1770 2572 deiscrediturosadhortaturadlaudandumDeumeon-

103 2597 227 2652 laelatur.
243 2596 384 2664 Dominus,
399 2597 461 2652 dico
495 2599 543 2670 qui
562 2595 609 2651 hic
637 2597 751 2668 respicit,
781 2598 911 2668 respectu
961 2591 1085 2648 sessione
1101 2597 1285 2666 peccatorum
1307 2613 1437 2668 suorum,
1451 2602 1480 2655 et
1497 2599 1572 2657 bene
1589 2601 1677 2659 etiam
1690 2602 1769 2677 cogi·

104 2683 205 2758 gratia
234 2691 343 2749 terram,
383 2684 470 2741 idest
493 2687 624 2741 terrenos
650 2682 842 2740 illuminando
866 2683 911 2740 in·
962 2679 1051 2736 tando
1066 2683 1095 2735 et
1108 2681 1183 2737 bene
1195 2684 1353 2755 operando,
1367 2689 1397 2741 et
1406 2685 1550 2744 mirabilia
1564 2689 1625 2762 ejus
1636 2692 1770 2762 gentibus

103 2772 195 2829 terius
208 2789 260 2846 per
273 2773 373 2829 fldem.
390 2773 427 2828 Et
453 2775 592 2845 faciteam
607 2779 725 2841 tremere,
740 2772 776 2828 de
788 2770 912 2843 peccatis
963 2767 1175 2835 annuntiando,
1187 2772 1217 2824 ei
1235 2771 1290 2826 hoc
1303 2787 1418 2844 quoque
1433 2774 1573 2844 contuitu,
1588 2777 1725 2849 quoniam
1735 2779 1771 2835 il-

104 2862 284 2935 poenitendo.
302 2863 336 2917 Et
350 2880 408 2919 non
424 2861 572 2935 solumqui
584 2861 712 2918 subditos
728 2863 849 2933 respuam
863 2859 914 2915 sed
962 2853 1012 2908 lud
1027 2855 1104 2926 quod
1119 2855 1241 2912 Abrahae
1255 2861 1284 2914 et
1298 2859 1375 2914 isaac
1389 2861 1419 2914 et
1431 2860 1519 2917 iacob
1536 2863 1679 2936 promisit,
1695 2865 1770 2922 scili-

105 2952 136 3006 et
151 2953 199 3024 qni
209 2953 296 3022 tenpit
310 2950 433 3007 interius
455 2967 509 3023 per
522 2949 753 3023 increpationem
762 2953 873 3016 mentes,
884 2946 914 3002 id
925 2968 951 3032 ο
963 2944 1009 2996 eet
1019 2940 1153 2999 daturam
1164 2959 1194 2999 se
1209 2944 1313 3000 semini
1327 2946 1389 3018 ejus
1404 2951 1512 3004 terram
1526 2949 1672 3020 chanaan,
1689 2956 1719 3009 et
1732 2954 1770 3010 ed

104 3041 149 3094 esi
163 3038 316 3110 principos,
344 3045 370 3094 et
396 3039 543 3110 semipane,
570 3036 601 3093 id
626 3041 669 3094 aar
691 3037 805 3094 fumum
829 3035 913 3092 emit·
963 3030 1090 3087 litteram
1106 3036 1136 3088 et
1149 3032 1336 3104 significative
1349 3037 1513 3110 complevit,
1529 3039 1769 3099 etadhuccxtoto

104 3129 181 3193 tunt,
208 3128 401 3199 lacrymosam
422 3126 554 3183 videlicet
568 3125 834 3199 compunctionem,
849 3140 914 3197 quse
964 3120 1132 3192 complebit.
1152 3121 1766 3203 Enuntiatquoquequaebenellciapatribus

105 3216 204 3273 oculos
214 3216 370 3272 exteriores
396 3216 432 3272 ad
445 3214 665 3272 similitudinem
680 3214 752 3270 lumi
762 3214 799 3271 ad
812 3214 914 3271 ilatum
964 3208 1105 3264 eontulit·
1122 3210 1156 3265 iii
1175 3212 1321 3283 qu0m⁰d⁰
1334 3215 1444 3269 terram
1459 3213 1594 3271 Chanaau
1610 3216 1651 3272 eis
1681 3215 1771 3286 dedit,

104 3303 192 3377 cogit.
208 3305 333 3377 ideoque
343 3303 569 3372 tumusdicitur;
584 3304 628 3359 val
641 3302 691 3359 sic.
705 3303 783 3358 Tune
797 3303 914 3377 quando
964 3297 996 3352 tii
1008 3297 1101 3370 magis
1115 3296 1215 3354 fideles
1227 3298 1342 3356 iudae0⁵
1363 3300 1466 3375 quibus
1486 3302 1531 3359 hic
1547 3304 1618 3377 agii,
1642 3305 1771 3363 contuitu

104 3392 205 3447 fideles
216 3393 433 3460 recreabuntur,
448 3392 582 3448 laetabitur
599 3390 731 3446 Dominus
756 3391 784 3445 in
795 3391 915 3462 operibus
963 3383 1079 3440 illorum
1090 3384 1298 3443 beneficiorum
1312 3388 1349 3444 ad
1359 3390 1409 3446 Dei
1423 3389 1541 3446 laudem
1555 3391 1665 3450 incitet.

103 3482 172 3549 suis,
187 3478 294 3536 scilicet
307 3479 432 3552 placebit
447 3479 473 3536 ei
488 3479 566 3552 quod
582 3479 653 3534 nibil
667 3478 795 3534 inveniet
807 3477 838 3534 in
862 3477 913 3542 eis,
1000 3471 1174 3541 Confitcmini
1186 3474 1302 3530 Demim
1319 3482 1345 3531 ct
1363 3485 1491 3547 invocate,
1520 3481 1575 3535 etc.
1592 3481 1772 3540 construeris

105 3570 161 3625 nisi
171 3584 260 3640 opem
275 3585 337 3637 sua,
352 3568 458 3624 scilicet
471 3584 560 3641 opera
571 3568 659 3624 bona.
673 3566 735 3622 Non
749 3565 916 3622 eniminve·
965 3560 1082 3632 quidem
1097 3561 1198 3633 incipit
1213 3566 1318 3618 aeexto
1332 3580 1426 3634 versu,
1448 3565 1497 3638 qui
1522 3567 1587 3623 talis
1599 3572 1642 3624 est
1655 3587 1664 3622 ε
1677 3569 1774 3626 Samen

106 3656 168 3713 niet
181 3656 212 3711 iu
225 3657 651 3729 eismalaopara,propterquae
661 3654 754 3710 dicat:
768 3654 917 3712 «Paenitet
965 3647 1121 3717 Abrabam,
1132 3653 1187 3704 tii⁰·
1196 3648 1326 3714 Quodsic
1349 3652 1485 3725 adeptur:
1506 3654 1562 3710 Vos
1569 3671 1669 3711 semen
1682 3657 1774 3713 Abra·

105 3761 155 3800 me
173 3743 274 3800 iecisse
299 3760 348 3800 eos
374 3742 453 3817 (Gen.
469 3760 508 3811 vr,
523 3742 562 3816 7).
580 3764 594 3793 »
611 3742 760 3813 Dominus,
785 3743 917 3814 inquam,
967 3737 1444 3807 hamsecundumcarnemtudsei‚
1458 3740 1776 3802 scilicetetnonomni·

105 3832 213 3907 quihic
239 3833 344 3903 respicit
368 3838 477 3899 terrem,
503 3833 557 3886 etc.
577 3831 635 3886 lloe
650 3846 710 3887 non
735 3833 874 3898 mutatur,
889 3832 919 3885 et
968 3824 1096 3880 busdieo
1116 3823 1164 3898 qui
1190 3827 1256 3881 sunt
1274 3842 1361 3881 semen
1375 3825 1526 3892 Abaton,
1553 3830 1603 3884 sed
1625 3833 1696 3886 serui
1707 3833 1776 3905 ejus,

107 3921 145 3978 ad
160 3919 408 3994 magnificentiam
416 3917 611 3991 Deipertinct.
625 3917 750 3974 &tensis
758 3916 920 3990 magnificis
969 3911 1087 3968 Domini
1102 3912 1208 3969 scilicet
1221 3911 1270 3986 qui
1282 3914 1355 3968 servi
1371 3914 1488 3970 Domini
1500 3916 1566 3971 Jesu
1576 3933 1637 3973 esse
1652 3936 1712 3976 nou
1729 3936 1775 3978 re·

108 4009 243 4081 operibus
253 4008 314 4076 Dei,
331 4011 362 4063 ut
371 4006 471 4063 nossui
478 4007 610 4078 exemplo
618 4004 837 4061 adsentantium
846 4003 918 4059 invi·
969 4000 1065 4056 nuitis.
1079 4001 1113 4055 Et
1127 4001 1195 4071 quia
1212 4000 1331 4073 quidam
1346 4002 1471 4074 gentiles
1487 4003 1605 4061 luerunt
1616 4005 1652 4062 de
1665 4008 1777 4067 semine

107 4099 160 4165 tet,
176 4114 206 4153 se
221 4099 405 4153 cantaturum
422 4095 546 4153 Domino
558 4092 701 4168 promittit
716 4091 755 4149 sic
774 4110 781 4148 ι
800 4090 919 4149 Ostendi
969 4089 1071 4144 lsmael
1086 4087 1138 4142 lllii
1152 4087 1368 4162 Abrabam,qui
1379 4090 1578 4165 adlidemjam
1595 4100 1779 4167 venerunt,at

110 4184 265 4255 magnilica
280 4201 369 4257 opera
384 4184 446 4252 Dei,
461 4183 569 4240 seilicet
583 4183 663 4257 quod
677 4182 723 4238 hic
736 4182 919 4253 fenennam
969 4177 1042 4233 serui
1057 4176 1159 4232 Christi
1178 4176 1247 4233 iacti
1266 4181 1342 4247 sunt,
1358 4178 1439 4235 addit
1450 4197 1457 4236 :
1468 4165 1564 4254 418
1575 4199 1624 4239 vos
1648 4185 1710 4243 dico
1729 4186 1779 4261 <pri

111 4278 232 4338 nemore,
247 4274 276 4326 et
286 4278 385 4329 montes
394 4271 549 4344 fumigare,
561 4270 624 4327 etin
632 4270 729 4326 lutum
739 4241 957 4325 suessanae-D
968 4265 1036 4322 estis
1045 4265 1098 4336 filii
1119 4265 1204 4320 Jacob
1230 4265 1401 4339 patriarchae
1421 4268 1582 4325 secundum
1606 4288 1737 4342 carnem,
1751 4278 1781 4331 at

111 4356 163 4425 bit,
177 4361 206 4413 et
219 4360 319 4429 facum
333 4365 411 4415 terra
422 4358 584 4415 renovabit.
599 4359 633 4413 lit
648 4358 716 4431 quia
730 4358 770 4413 sic
785 4358 920 4430 magnill-
969 4370 1029 4410 uon
1042 4353 1105 4409 dico
1121 4354 1157 4409 de
1183 4353 1347 4411 infidelibus
1375 4355 1440 4410 llliis
1472 4357 1575 4417 Jacob:
1590 4358 1640 4414 sed
1665 4376 1716 4416 vos
1730 4360 1780 4436 qui

111 4449 259 4502 cusestut
274 4445 304 4502 in
319 4447 416 4512 lutura
432 4461 547 4503 merear
564 4446 600 4502 ab
629 4462 663 4502 ao
677 4444 842 4518 glorificari,
856 4463 919 4500 can·
970 4441 1190 4514 estiseteetiejus
1201 4442 1327 4510 Domini,
1344 4441 1537 4516 scilieetquos
1552 4446 1778 4519 elegitvocando

112 4535 172 4590 tote
182 4533 308 4604 Domino,
323 4535 354 4591 id
368 4537 411 4591 est
425 4536 499 4591 bene
514 4534 658 4607 operabor
667 4532 705 4589 ad
718 4533 861 4590 honorem
868 4534 922 4589 Do-
970 4530 1006 4585 ad
1021 4530 1119 4585 lldem.
1145 4529 1318 4600 Confitcsmni
1330 4529 1446 4587 Dmmm
1461 4531 1572 4591 Christo
1593 4539 1710 4606 peccata
1731 4526 1778 4597 r'a·

111 4623 193 4691 mini,
210 4624 289 4695 quod
300 4622 355 4679 erit
367 4622 420 4695 ipsi
431 4621 588 4679 canticum.
601 4619 735 4689 Cantaba,
750 4620 882 4694 iuquam,
892 4624 922 4677 et
970 4620 1043 4685 stm;
1058 4633 1123 4690 quse
1142 4616 1281 4673 confessio
1291 4617 1478 4688 eritDemini,
1491 4625 1515 4675 ct
1527 4622 1693 4681 coufitendo
1704 4627 1780 4684 inco-

111 4710 167 4766 hoc
181 4712 209 4765 in
223 4712 275 4766 bac
290 4715 345 4766 uite
360 4727 418 4766 mee
427 4708 563 4783 prasenti
574 4727 581 4779 ;
593 4709 685 4766 etboe
696 4707 920 4778 nonadhoram,
970 4712 1027 4760 cale
1040 4705 1210 4776 nemencjus,
1221 4704 1304 4762 idest
1318 4705 1448 4763 invocate
1473 4723 1541 4765 eum
1568 4709 1598 4765 in
1614 4713 1778 4771 considera·

111 4798 162 4853 sed
171 4799 289 4870 psaltem
300 4799 358 4855 Deo
372 4815 429 4854 meo
444 4798 564 4872 quandiu
577 4815 647 4866 snm,
663 4797 693 4854 id
708 4801 750 4854 est
765 4797 840 4853 bene
855 4813 922 4870 ope-
970 4792 1080 4849 tionem
1096 4793 1223 4848 nominis
1238 4793 1309 4866 ejus,
1325 4796 1403 4868 quod
1418 4798 1461 4852 est
1475 4797 1624 4855 Dominus.
1648 4799 1780 4866 Quodest

113 4887 201 4942 rabor
211 4888 399 4945 adhonoram
408 4887 459 4944 Dei
469 4885 921 4960 mei,quandiuhicvivam.Nam
971 4882 1079 4938 dicere:
1092 4880 1277 4938 Considerate
1303 4884 1371 4955 quia
1384 4885 1524 4941 Dominus
1539 4886 1672 4942 omnium
1687 4891 1739 4958 est,
1749 4892 1779 4946 et

114 4996 128 5024 «
142 4975 192 5045 qui
204 4975 429 5045 perseveraverit
443 4992 532 5049 usque
546 4976 575 5031 in
590 4976 693 5043 linem,
705 4974 752 5029 hic
767 4974 922 5030 salvuserit
969 4971 1024 5027 hac
1036 4970 1266 5026 consideratione
1279 4970 1399 5027 interius
1418 4976 1518 5028 vocate
1527 4990 1594 5028 eum
1605 4974 1683 5030 bona
1693 4976 1778 5035 devo-

114 5061 226 5134 (Melit.
240 5079 267 5130 x,
284 5063 340 5135 Ὦ).
353 5081 370 5115 »
386 5063 455 5119 Dico
468 5064 599 5136 psallam,
615 5065 644 5118 et
650 5078 704 5136 per
712 5063 766 5118 boc
768 5062 922 5133 jucundum
970 5058 1049 5114 tione
1064 5060 1190 5127 orantes,
1219 5061 1250 5114 ut
1270 5059 1356 5114 vestri
1375 5059 1412 5114 sit
1431 5059 1590 5129 inhabitur,
1616 5065 1775 5123 secundum

114 5151 170 5205 erit
185 5152 210 5204 ei
227 5150 359 5222 cbquiurn
369 5168 468 5220 merem,
485 5152 513 5206 id
529 5154 573 5206 est
581 5151 712 5222 jucunda
734 5150 789 5206 erit
804 5151 830 5206 ei
860 5152 922 5206 laus
969 5146 1171 5218 inoperantem
1186 5146 1321 5217 gratiam,
1338 5147 1418 5201 etsie
1433 5152 1591 5204 annuntiate
1609 5152 1774 5223 interpcntes

114 5238 221 5310 eloquii
237 5239 294 5294 oris
306 5239 376 5308 mei,
392 5241 470 5312 quod
485 5240 568 5296 aliter
583 5255 642 5295 nou
665 5242 748 5294 esset.
764 5261 779 5290 «
791 5239 854 5294 Non
878 5242 921 5294 est
970 5235 999 5290 id
1014 5235 1095 5290 estin
1117 5235 1296 5306 plenitudine
1319 5234 1451 5306 gentium
1470 5236 1508 5293 ad
1528 5238 1644 5294 laudem
1657 5242 1773 5299 Domini

114 5326 193 5382 enim
203 5326 401 5398 speciosalaus
412 5328 441 5383 iu
453 5344 503 5383 ore
520 5325 679 5400 peccatoris
689 5324 786 5397 (Eccli.
794 5343 840 5396 xv,
854 5329 892 5399 t).
905 5348 919 5376 »
970 5339 1058 5396 opera
1072 5323 1134 5394 ejus
1148 5323 1234 5392 lacta,
1246 5324 1276 5376 ct
1289 5321 1319 5377 in
1343 5323 1431 5377 veteri
1456 5328 1486 5381 et
1511 5327 1541 5382 in
1555 5342 1629 5382 novo
1653 5332 1772 5401 populo.

115 5417 217 5472 lithoc
231 5416 350 5489 quidem
378 5433 429 5473 oro
444 5419 476 5472 ut
495 5415 650 5488 jucundum
677 5416 711 5470 sit
734 5417 760 5470 ei
786 5415 921 5489 ibenium
970 5411 1123 5477 Ouiavem
1143 5427 1201 5466 non
1224 5409 1368 5466 sulllcerat
1395 5412 1427 5466 ut
1442 5412 1731 5485 postconiessionem
1745 5422 1775 5475 et

116 5522 213 5562 meum
229 5504 289 5576 qu
302 5521 364 5563 occo
378 5504 525 5563 delectabor
536 5505 566 5560 in
594 5502 722 5571 Domine,
739 5519 771 5560 ac.
784 5502 895 5561 sidicat
910 5521 917 5561 :
968 5501 1183 5561 invocationem
1207 5499 1305 5555 statim
1318 5500 1530 5561 annuntiarent
1544 5518 1633 5576 opera
1647 5507 1774 5573 Domini,
