3772 5970
109 293 160 348 575

105 416 235 488 Denique
247 413 362 470 mellitis
377 413 506 469 incautos
522 417 653 470 vulnerat
668 414 765 479 armiS,

103 504 300 573 Melliticatquc
315 503 404 567 dolos,
419 507 449 557 ut
459 503 497 556 sic
513 505 615 576 perdat
629 505 819 557 rnaleeautos.

105 590 205 645 Nostro
221 590 347 644 Brunoni
365 608 514 662 nunquam
529 591 622 662 potuit
639 589 800 655 dominari,

104 678 145 732 Ne
160 679 325 732 dominetur
341 678 376 745 ei,
394 679 486 732 nudus
501 679 613 732 deserta
627 679 736 748 petivit,

104 767 205 822 ldausit
220 771 248 820 et
261 767 289 820 in
305 783 384 837 pace,
401 783 453 836 pax
469 770 498 821 ut
514 767 565 820 sibi
580 768 667 835 longa
682 768 823 820 maneret.

335 853 459 907 Ecclesiae
480 854 683 909 Suessionensir.

142 947 185 998 72.
205 943 374 997 Suessorum
391 944 484 996 mater
498 942 617 996 ecclesia
644 944 704 1006 340)
718 942 856 996 tratribus
868 940 910 993 di-

105 1031 317 1096 1000000000,00
331 1032 390 1085 Deo
405 1030 498 1084 charis
510 1030 733 1084 consistentibus
749 1029 777 1082 in
802 1045 911 1093 eremo,

106 1135 169 1189 quie
183 1118 400 1184 diciturTurris,
415 1118 667 1172 conversationem
683 1134 837 1187 supernam
865 1118 913 1169 lra-

104 1205 173 1259 bere
189 1222 302 1276 semper
318 1222 368 1275 per
382 1206 536 1262 Christum.
555 1206 674 1260 Piissimi
691 1224 723 1259 ac
736 1208 793 1259 tteo
816 1204 910 1258 dilecti

105 1293 206 1359 Patris,
223 1311 288 1346 vere
311 1294 484 1347 venerabilis
499 1294 650 1358 Brunonis,
683 1293 798 1357 cognito
813 1295 911 1345 sancto

105 1397 138 1435 ac
151 1381 277 1451 glorioso
306 1382 433 1446 decessu,
452 1382 573 1435 dulciter
588 1398 674 1452 super
692 1382 750 1443 tali,
774 1384 911 1449 tantoque

104 1467 164 1523 viro
181 1469 319 1524 commoti
340 1469 462 1535 fuirnus3
491 1469 622 1522 Officium
638 1473 735 1522 aulem
751 1469 811 1537 ejus
839 1467 911 1520 felici

106 1556 211 1610 animia
228 1557 356 1611 fidelium
374 1557 666 1627 moreinipcndiuius,
682 1561 710 1610 ct
723 1558 758 1611 ad
775 1557 834 1624 ejus
850 1556 911 1607 bea·

105 1648 165 1699 tam
182 1645 354 1699 memoriam
365 1645 560 1698 anniversarie
573 1645 756 1698 recolendam
769 1645 844 1696 dicrn
857 1660 912 1714 quo

106 1733 199 1787 carnis
214 1749 327 1787 carcere
338 1751 469 1804 egressus
484 1737 536 1799 est,
561 1732 708 1804 quomodo
729 1750 745 1785 a
769 1732 847 1785 vohis
863 1732 912 1785 clo·
925 1727 950 1784 B

106 1822 269 1876 nuntiatam
282 1822 444 1892 accepimus
455 1824 584 1874 sanctam
594 1821 653 1889 ejus
663 1819 912 1883 resolutionem,iu

106 1912 206 1963 nostra
218 1909 370 1963 matricula
385 1909 560 1979 scripsimus,
573 1912 699 1965 orantes.
715 1911 743 1961 et
757 1909 912 1978 deprecan-

105 2000 159 2064 teS,
172 2000 202 2050 ut
215 1997 275 2066 ejus
291 1997 476 2050 sanctissimis
489 1997 645 2067 vestrisque
658 1996 789 2068 precibus
802 1995 915 2065 adjuve-

106 2101 172 2138 mur
189 2085 310 2138 tamvivi
323 2102 410 2156 quam
422 2085 558 2139 defuncti.
578 2087 680 2138 Amen.

159 2171 213 2228 SS.
230 2171 358 2226 Medurdi
372 2179 397 2224 et
416 2173 571 2228 sebastiani
590 2173 729 2228 Suessione
755 2173 836 2238 (341).

106 2262 151 2314 73.
168 2260 250 2314 Plebs
262 2259 310 2330 pia
321 2260 458 2327 ldedardi,
468 2261 572 2331 regalis
584 2263 613 2313 et
627 2259 733 2329 inclyta
743 2258 851 2323 Sancti,

106 2347 252 2402 Flentibus
267 2352 296 2401 et
312 2348 419 2401 maestis
433 2348 576 2402 solamina
592 2351 673 2418 grata
688 2347 797 2400 salutis.

107 2433 161 2498 Qui
170 2434 285 2505 gemitis
299 2434 439 2501 sunctum,
451 2435 540 2488 iuncti
555 2435 691 2504 deponite
707 2435 825 2499 luctum,

107 2521 151 2575 Nil
163 2522 243 2592 juvat
251 2521 420 2575 exstinctum
433 2521 549 2587 deffere,
562 2522 659 2575 dolore
672 2522 825 2591 sepultum.

108 2608 164 2663 Sed
177 2609 271 2680 potius
284 2612 350 2664 voto
360 2610 472 2679 prosint
487 2609 626 2663 libamina
641 2612 750 2665 sancta.

107 2697 172 2751 Haec
184 2696 349 2751 tribuantur
361 2697 397 2763 ei,
410 2698 572 2769 quicunque
586 2696 713 2767 pericula
726 2697 826 2750 ruortis

107 2784 254 2849 Pertimet,
265 2785 415 2849 horrescit,
425 2786 610 2857 pereuntibus
626 2785 760 2839 omnibus
775 2784 851 2838 orbis

107 2872 256 2928 Continuis
270 2874 401 2944 precibus
415 2877 570 2940 succurrat,
587 2875 615 2927 et
628 2873 788 2927 auxilietur.

106 2960 180 3015 Dum
200 2960 271 3032 petit
290 2964 318 3015 et
338 2961 455 3031 rogitat,
468 2978 520 3032 pro
544 2979 573 3015 so
595 2977 709 3031 quoque
726 2962 845 3032 quisque
872 2962 912 3013 la·

520 290 548 346 S.
583 287 755 345 00000018
782 285 1096 349 caaruostartoaou
1116 286 1352 343 rnsrrrurotus

1721 291 1773 344 0ῖο

1173 411 1206 467 S.
1222 411 1319 466 Morte
1340 411 1472 466 Blesensis
1488 410 1573 482 (342).

963 502 1006 553 74.
1025 501 1129 562 Bruno,
1144 500 1185 554 vir
1198 502 1321 571 egregiae
1338 501 1621 572 probitatis,gemma
1650 500 1772 572 sophiae,

963 588 1048 658 Cujus
1061 590 1218 642 honestatis
1228 590 1262 642 sit
1278 606 1403 659 praesens
1411 590 1541 643 chartula
1557 589 1646 643 testis.

964 678 1042 729 Pacis
1055 678 1140 731 babet
1154 678 1240 732 tidem
1257 679 1320 732 cosli
1338 679 1491 732 translatus
1501 678 1538 732 ad
1552 677 1658 732 aedem.

963 766 1036 835 Ergo
1047 765 1195 819 laudemus
1209 766 1376 833 hominurn,
1392 783 1573 831 veneremur,
1592 782 1736 831 amemus,

963 853 1017 905 Per
1029 871 1116 924 quern
1129 870 1279 908 sorvorum
1294 853 1446 908 decoratur
1460 854 1518 908 vita
1533 870 1664 908 suorum.

1246 942 1326 994 Alius·
1339 942 1365 1010 ej
1368 942 1466 995 000000.

963 1031 1006 1080 75.
1024 1029 1093 1081 Usus
1109 1046 1171 1082 eras
1185 1046 1294 1089 cremo,
1312 1029 1418 1099 liquisti
1434 1033 1538 1095 terrea,
1555 1022 1680 1091 Bruno,⁴

963 1115 1017 1168 h'cc
1032 1134 1109 1170 mors
1119 1121 1213 1170 ritorto
1227 1120 1275 1170 tua
1289 1117 1383 1170 tonuit
1399 1117 1512 1186 penitus
1529 1121 1578 1170 tua
1585 1118 1666 1188 jura.

963 1203 1086 1257 Solvitur
1097 1205 1125 1257 in
1140 1205 1250 1271 cineres
1265 1221 1378 1274 corpus,
1396 1204 1427 1257 lit
1443 1205 1556 1259 coelicus
1570 1204 1674 1259 haeres.

1172 1291 1203 1344 S.
1213 1291 1325 1360 Ii'rilcsji
1336 1290 1464 1344 Blcsensis
1476 1292 1558 1358 (343).

962 1381 1005 1434 70.
1024 1380 1279 1434 Contrahitomnis
1292 1381 1379 1434 horno
1400 1379 1487 1450 primi
1514 1379 1685 1434 discrimina
1710 1380 1773 1446 lati,

964 1470 996 1521 Et
1008 1474 1116 1522 cunctae
1129 1470 1228 1522 vitium
1244 1473 1327 1522 nocet
1344 1471 1405 1522 lirae
1421 1469 1593 1538 posteritati.

963 1557 1102 1610 Enercens
1114 1558 1201 1627 igitur
1211 1559 1337 1611 studium
1355 1573 1432 1610 mors
1445 1557 1605 1626 impietatis

963 1646 1146 1716 Aggreclitur,
1161 1647 1300 1716 solvitque
1318 1645 1409 1698 virum
1422 1649 1510 1698 tanta}
1524 1644 1689 1714 probItatis.

1174 1733 1205 1788 S.
1222 1733 1320 1786 ,traria
1339 1733 1551 1800 Bernuciffi-l-lj.

964 1827 1008 1876 Π.
1018 1824 1123 1876 ltoctor
1136 1823 1285 1876 doctorum
1300 1823 1576 1896 tuit,exemplarque
1590 1824 1739 1879 bonorum

999 1910 1107 1963 Nostris
1127 1911 1303 1980 temporibus
1319 1912 1413 1965 llruno
1427 1911 1470 1964 vir
1480 1912 1611 1978 eximius,

965 1999 1086 2070 Esseque
1103 2000 1222 2069 jroeuatis
1238 2000 1327 2069 culpae.
1339 1999 1378 2052 nil
1390 1999 1533 2054 credimus
1542 2000 1592 2067 illi,

1018 2089 1078 2159 lpse
1095 2090 1183 2141 [lauru
1202 2088 1284 2141 nobis
1300 2087 1434 2141 conciliet
1448 2088 1569 2142 meritis.

1132 2175 1163 2231 S.
1187 2175 1280 2230 Crucis
1299 2177 1502 2231 Aurelianensis
1519 2177 1601 2248 (345).

965 2266 1174 2320 rasennam
1192 2267 1285 2319 Bruuo
1302 2267 1386 2320 decus
1409 2270 1437 2320 et
1450 2265 1542 2336 gloria
1565 2267 1706 2337 temporis
1720 2267 1777 2320 hu·

1708 2354 1776 2424 fios,

966 2442 1056 2496 Carne
1067 2443 1155 2512 jaces,
1172 2443 1222 2496 scd
1233 2446 1313 2513 parte
1321 2461 1422 2498 manes
1433 2443 1552 2497 meliore
1563 2447 1719 2513 superstes

966 2533 999 2585 Et
1010 2533 1079 2601 justi
1094 2532 1197 2603 recipis
1215 2549 1290 2585 nune
1302 2532 1421 2601 praemia
1433 2535 1517 2602 grata
1529 2532 1648 2599 laboris,

966 2620 1112 2673 Praeclaris
1128 2621 1232 2673 merito
1246 2620 1410 2673 doctoribus
1426 2620 1591 2674 associatus.

964 2709 1066 2762 Vivens
1082 2709 1109 2762 in
1123 2709 1232 2763 Christo
1248 2708 1349 2772 nostri,
1364 2708 1407 2761 vir
1422 2712 1527 2773 sancto,
1543 2712 1693 2763 memento

965 2797 1164 2868 Doctrinoaque
1177 2801 1243 2863 tuae,
1258 2813 1321 2868 quae
1334 2799 1393 2850 toto
1408 2797 1498 2867 fulget
1513 2796 1542 2850 in
1557 2796 1639 2862 orbo,

965 2883 1074 2938 Christo
1095 2884 1182 2938 tunde
1199 2900 1306 2954 preces,
1333 2901 1499 2937 mercamur
1526 2887 1556 2937 ut
1586 2900 1645 2938 csse
1672 2901 1777 2955 sequa-

1638 3040 1642 3046 .
1698 2982 1775 3044 reos,

806 3051 911 3108 [horat.
964 3060 1073 3131 Quique
1090 3063 1180 3116 Deum
1195 3064 1285 3133 prote
1301 3062 1428 3115 fraterno
1445 3078 1526 3116 more
1540 3077 1688 3133 rogamus,

107 3135 178 3191 Cum
193 3137 300 3207 Moyses
315 3139 389 3202 orat,
404 3130 519 3208 supe'rat
535 3137 616 3208 plebs
640 3138 777 3199 Israelita,

106 3224 180 3278 llum
196 3226 286 3278 cessat
295 3224 379 3289 votis,
396 3224 472 3278 cadit
485 3223 569 3290 illico,
585 3225 672 3279 vincit
688 3230 716 3278 et
728 3223 827 3278 bostis.

107 3312 163 3366 Nos
177 3311 261 3364 simul
276 3327 403 3376 oremus,
415 3326 469 3364 nec
479 3315 570 3365 cesset
579 3312 694 3383 spiritus
710 3311 792 3364 ullus.

106 3398 178 3452 Vota
187 3398 459 3468 juvanthomincm,
474 3399 543 3452 duni
561 3400 626 3454 vivit
637 3403 665 3453 et
680 3399 737 3453 exit
752 3400 787 3453 acl
798 3399 911 3453 boram.

107 3488 176 3553 Quae
191 3488 308 3559 perimit
323 3489 422 3553 vitam,
434 3489 497 3543 tulit
514 3488 645 3561 improba
660 3507 737 3544 mors
749 3489 912 3554 eremitam,

107 3575 176 3640 Quae
186 3579 271 3630 nocet
282 3578 310 3630 et
325 3576 402 3630 ladit
414 3577 536 3646 justum,
548 3577 615 3631 satis
625 3576 715 3648 impia
729 3578 815 3631 hedit.

106 3664 172 3718 llaec
184 3667 244 3720 tarn
259 3664 380 3719 crudelis
391 3668 475 3718 necat
487 3664 621 3719 insatiata
633 3665 770 3731 Caribdis,

107 3751 183 3816 Quos
198 3756 280 3808 vovet
293 3752 480 3824 omniparens
499 3754 610 3807 nullum
635 3754 770 3807 miserata
788 3754 912 3817 dolores,

107 3838 201 3895 Solvet
215 3841 250 3895 ab
260 3841 311 3895 bac
327 3841 489 3907 hominem,
507 3841 555 3912 qui
571 3842 688 3912 pertulit
698 3842 727 3894 in
739 3857 821 3894 eruce
834 3856 913 3893 mor-

833 3930 912 3992 [tenu

107 4017 141 4071 Et
154 4016 242 4073 vitam
257 4017 377 4083 tribuat,
397 4033 486 4088 quarn
510 4032 570 4069 non
586 4016 759 4087 Proserpina
782 4019 910 4086 rumpat.

144 4157 214 4226 (340)
236 4156 268 4210 ld
290 4160 333 4210 est
357 4157 476 4210 ecclesia
503 4155 683 4210 cathedralis.
715 4156 805 4219 Quam
829 4173 915 4236 porro

109 4228 279 4282 vocabulum
291 4227 446 4293 lllatricula,
458 4227 486 4279 in
499 4226 650 4280 lrocTitulo
667 4227 916 4306 occurrenssrgni-

110 4298 277 4354 ficationem
294 4298 323 4350 in
332 4313 366 4351 eo
380 4298 493 4362 babeat,
506 4297 535 4349 in
544 4297 699 4360 Adnotatu,
710 4298 786 4368 quod
797 4298 915 4352 sectioni
926 4307 952 4365 Ι)

109 4367 258 4442 primaead
273 4370 436 4422 notan1256
452 4367 769 4436 subnexui,expositum
779 4368 914 4422 invenies.

147 4439 221 4508 (344)
238 4438 432 4493 Dubitandum
444 4455 503 4492 uon
517 4440 560 4491 est
573 4438 641 4518 quin
657 4438 701 4491 hio
717 4439 828 4508 insigne
842 4439 915 4493 desi·

111 4508 570 4581 gneturS.ldodardiroenobium,
587 4526 615 4562 rn
634 4510 703 4563 urbe
721 4509 915 4564 Suessionensi

110 4580 213 4634 saeculo
235 4596 272 4633 vu
289 4579 452 4647 fundatum,
480 4580 515 4633 de
543 4596 599 4650 quo
624 4580 719 4634 Galliac
748 4581 915 4635 Christianae

112 4653 203 4705 auetae
219 4649 377 4720 Scriptores
391 4653 452 4704 torn
475 4650 517 4715 IX,
534 4651 587 4703 cot.
605 4652 656 4704 405
674 4654 703 4704 et
714 4667 784 4774 seqq

143 4720 358 4792 (342)Eamdem
373 4722 447 4774 banc
458 4720 674 4790 inscriptionem
684 4738 742 4792 prae
757 4722 915 4775 ertTitutus

112 4791 240 4846 decimus
251 4791 408 4863 septimus;
425 4807 514 4862 quare
530 4791 660 4845 existimo
674 4793 916 4846 Biescnsemhanc

114 4862 194 4928 (dide
205 4865 306 4917 notam
315 4864 376 4920 283)
391 4862 597 4916 canonicorum
608 4863 782 4932 regularium
793 4862 917 4933 80000-

112 4932 179 4987 stini
194 4932 339 4988 abhatiam
357 4932 384 4986 S.
403 4931 530 4986 Brunoni
542 4937 706 5002 parentasse
723 4933 917 4987 tribus'titulis

113 5002 240 5069 diversis,
258 5003 396 5057 nimirum
408 5003 528 5074 praelato
544 5007 634 5056 xvuet
645 5003 755 5056 duobus
768 5004 813 5056 hic
827 5005 918 5074 subje-

113 5073 174 5140 ctis,
192 5090 263 5154 quos
273 5075 374 5128 ambos
389 5073 561 5144 posteriores
573 5077 798 5153 sequentemque
814 5075 849 5127 ah
866 5073 918 5127 isto

37 5156 40 5160 ’
114 5143 203 5214 priori
229 5143 429 5214 disjunxerint,
456 5144 503 5214 qui
526 5144 634 5197 Titulos
663 5144 759 5198 Sanctr
784 5145 919 5198 funebres

114 5213 404 5268 edendoscurarunt:
423 5213 505 5279 adeo,
521 5214 598 5285 quod
611 5215 918 5284 supramonui‚verum

115 5287 168 5350 est,
184 5284 213 5337 id
228 5284 312 5338 hosce
329 5300 363 5338 eo
379 5284 480 5338 ordine
496 5301 554 5338 non
566 5285 674 5349 secisse,
693 5301 749 5356 quo
774 5284 857 5338 Tituli
873 5284 918 5337 isti

114 5355 209 5408 rotulo
221 5353 344 5421 funebri,
359 5355 699 5426 epistelamencyclicam,
708 5355 809 5408 mortis
818 5353 918 5407 8000-

116 5424 200 5477 nonis
216 5425 358 5488 nuntiam,
370 5425 572 5495 complectenti
583 5425 662 5480 luere
675 5424 812 5494 inscripti.

154 5492 269 5617 (343(10
304 5493 411 5548 enerali
428 5494 627 5550 benificiorum
662 5495 788 5550 dioecesis
816 5494 918 5549 Carno-

119 5560 208 5616 tensis
235 5578 253 5617 a
294 5572 361 5634 ogo,
386 5564 499 5619 Parisiis
523 5568 688 5623 00001648
715 5582 827 5637 excuso,
852 5581 919 5639 pag.

963 3151 1069 3215 Rruno,
1087 3151 1267 3220 tuissernper
1284 3150 1425 3222 precibus,
1441 3150 1484 3203 vir
1499 3154 1606 3218 sancte,
1621 3151 1774 3220 juvemur.

998 3239 1051 3291 Vos
1064 3256 1189 3310 quoque,
1205 3237 1376 3292 sanctissimi
1393 3239 1505 3305 fratres,
1528 3239 1575 3310 qui
1607 3242 1722 3292 tantum
1741 3255 1775 3293 ac

963 3329 1050 3380 talem
1067 3330 1221 3397 patronum
1251 3327 1287 3380 ad
1312 3328 1395 3380 calos
1417 3326 1581 3396 praemistis,
1608 3326 1689 3379 omni
1717 3328 1774 3381 bu·

963 3431 1057 3469 manre
1074 3415 1279 3485 compassionis
1298 3415 1397 3468 dolore
1412 3415 1580 3486 postposito,
1597 3415 1723 3484 gaudete
1745 3418 1775 3467 et

964 3506 1101 3557 exsultate
1122 3504 1149 3557 iu
1166 3504 1300 3568 llonriuo,
1325 3504 1484 3575 (ligneaque
1507 3507 1585 3556 tanto
1607 3504 1691 3556 Patre
1722 3519 1775 3558 vos

963 3592 1047 3646 luisse
1063 3592 1192 3646 moribus
1204 3591 1403 3656 ostendito,ut,
1415 3591 1474 3661 ipso
1490 3607 1540 3660 pro
1555 3589 1773 3645 nobisintcrce·

964 3681 1059 3746 dente,
1073 3680 1209 3750 dignetur
1223 3679 1301 3731 vohis
1317 3679 1465 3738 llominus,
1478 3679 1500 3730 si
1514 3696 1571 3731 000
1583 3677 1704 3731 scientia
1720 3695 1772 3748 pa-

964 3786 1036 3833 rem,
1051 3770 1172 3822 honesta
1181 3769 1282 3821 saltem
1295 3768 1350 3821 vita
1361 3767 1540 3822 consimilem
1553 3768 1668 3820 Patrem
1678 3768 1774 3837 provi-

964 3859 1042 3912 dere.
1059 3858 1165 3914 Valete.

998 3945 1123 4007 Albulis.
1141 3943 1172 3998 S.
1184 3944 1298 3997 0000ηο
1319 3944 1511 4010 suessionensis
1526 3944 1635 3997 cenobii
1654 3945 1740 4011 (340).

1001 4035 1044 4087 70.
1066 4032 1180 4086 Dilectis
1208 4032 1238 4084 in
1254 4031 1365 4085 Christo
1382 4034 1410 4085 et
1426 4034 1484 4085 000
1503 4031 1598 4101 dignis
1620 4031 1771 4095 tratribus,

966 4159 1010 4219 87,
1023 4158 1188 4207 recensetur
1200 4171 1289 4225 prope
1310 4155 1413 4216 blesus,
1435 4171 1498 4224 quaa
1515 4155 1590 4219 urbs,
1611 4158 1771 4225 antequam

967 4227 991 4281 ei
1009 4242 1086 4278 auno
1097 4226 1163 4278 taor
1181 4226 1349 4294 episcopalis
1364 4225 1501 4278 cathedra
1511 4225 1729 4291 concederetur,
1741 4225 1772 4278 iu

967 4297 1080 4350 dioecesi
1097 4296 1266 4349 Carnotcusi
1280 4295 1333 4347 sita
1348 4300 1420 4356 erat,
1444 4295 1595 4366 insignitus
1613 4294 1642 4349 S.
1656 4295 1771 4349 Carilell

966 4385 1014 4421 sou
1032 4367 1139 4420 lirileltr
1157 4367 1273 4419 nornine
1290 4366 1434 4419 l‘rioratus
1447 4383 1453 4432 ;
1465 4367 1618 4420 huncadco
1634 4366 1681 4419 hic
1694 4365 1772 4420 desi·

966 4455 1048 4508 gnari
1064 4436 1195 4506 conjicio.

1003 4509 1071 4578 (344)
1088 4508 1184 4560 Gallia
1196 4507 1362 4560 Christianae.
1372 4506 1628 4576 auctaScriptores
1641 4509 1714 4561 torn.
1727 4507 1771 4569 Xl,

966 4579 1163 4642 coruscantur
1173 4577 1773 4632 ecclesiaeLexoviensisnronasteriarecen·

965 4654 1029 4704 sent
1044 4665 1145 4707 vinum.
1159 4649 1346 4719 qnodsacuto
1359 4664 1383 4700 xi
1398 4648 1426 4701 in
1436 4648 1773 4703 honoremsanctissimae

966 4720 1015 4775 Dei
1029 4719 1176 4772 Genitricis
1198 4719 1283 4772 luisse
1307 4722 1480 4772 exstructum
1504 4720 1618 4780 docent,
1635 4718 1773 4791 quodque

967 4790 1210 4845 cumllernaicunr
1223 4791 1346 4852 vocent,
1365 4790 1457 4859 ipsurn
1474 4789 1590 4843 indubie
1607 4792 1659 4854 cst,
1691 4788 1774 4860 quod

968 4861 1051 4915 unius
1068 4861 1207 4914 duntaxat
1223 4860 1354 4914 litterulae
1373 4859 1534 4914 mutatione
1550 4860 1710 4913 bernacum
1726 4859 1774 4912 hic

968 4933 1136 5003 appellatur.

1005 5005 1078 5063 (340)
1100 5001 1277 5055 Catbedralis
1299 4999 1512 5054 Aurelianensis
1538 4999 1667 5065 ecclesia,
1691 5001 1736 5055 uti
1759 5016 1775 5055 0

968 5060 1057 5127 Gallia
1072 5072 1390 5125 Christianaauctatom
1417 5069 1773 5143 Vlll,col.lttltl,intelligo‚

970 5144 997 5198 S.
1016 5143 1097 5197 Cruci
1114 5146 1156 5196 est
1178 5142 1285 5195 dicata:
1303 5145 1334 5194 ut
1359 5141 1455 5195 isthaec
1481 5141 1599 5195 indubie
1628 5141 1673 5195 bic
1701 5141 1777 5196 desi-

969 5218 1081 5284 gnetur.

1003 5286 1079 5351 346)
1106 5283 1224 5336 tudnbie
1249 5282 1294 5335 hic
1314 5281 1481 5352 designatur
1508 5281 1730 5348 monasterium,
1745 5282 1776 5336 in

969 5358 1069 5408 monte
1082 5370 1131 5407 scu
1147 5355 1228 5417 colle,
1242 5353 1304 5405 urbi
1322 5352 1519 5405 Suessionensi
1531 5352 1776 5423 contiguo,situm

971 5424 1047 5495 quod
1063 5424 1150 5477 modo
1164 5422 1457 5476 S.toaunesinvineis
1473 5425 1666 5494 nuncupatur,
1682 5424 1777 5495 quod-

971 5512 1025 5567 que
1036 5495 1138 5547 000040
1151 5511 1177 5547 11
1191 5492 1240 5546 fuit
1257 5492 1419 5546 fundatum.
1430 5492 1482 5546 Adi
1498 5494 1594 5547 Gallias
1605 5493 1777 5549 Christianae

970 5568 1060 5621 auctae
1074 5563 1234 5636 Scriptores
1246 5564 1369 5632 tom.llt,
1383 5565 1506 5632 col.456;
1523 5563 1559 5620 de
1572 5565 1657 5620 Petro
1665 5568 1777 5635 autem,
