3772 5976
93 304 146 362 ela
573 337 577 345 .
880 297 971 357 ACTA
1702 307 1754 363 etl

93 425 220 482 dictione
234 441 252 480 a
268 426 368 480 sancto
384 424 514 495 lingone,
537 421 671 494 episcopo
690 419 898 493 Gratianopoli-
911 423 940 482 Α
953 419 1039 492 AEgre
1051 421 1127 477 hanc
1143 421 1347 480 discessionem
1368 424 1435 480 tulit
1448 427 1575 481 novellus
1585 441 1664 498 grex,
1680 425 1755 484 tanti

94 519 175 580 lano,
192 513 360 569 obedientia
372 517 504 583 cogente,
517 513 639 566 Romam
653 512 797 583 proiectus
812 512 864 563 est.
881 530 896 558 »
955 511 1078 565 Pastoris
1089 512 1188 567 solatio
1205 513 1374 581 destitutus;
1391 513 1567 586 cunctisque,
1577 531 1610 568 co
1622 516 1752 584 absente,

130 606 191 658 ela.
205 604 246 656 lta
261 602 400 656 hactenus
413 602 470 667 illc,
482 602 620 667 Puteano,
637 617 715 670 equo
730 600 833 654 iterum
847 611 897 652 sue
953 597 1141 655 intolerabilis
1168 602 1226 656 vise
1245 606 1288 655 cst
1308 603 1464 656 Carthasim
1492 602 1631 657 habitatio
1647 603 1755 659 etrite

93 695 154 748 fere
167 693 268 748 omnia
287 695 433 745 mutuatus
448 694 501 756 cst,
519 689 650 763 apprime
659 706 831 755 consonans,
844 705 897 743 ncc
952 689 1158 759 asperitesSed
1169 691 1288 745 taudem
1298 691 1459 762 parendum
1473 691 1527 745 suit
1543 690 1649 745 somnii
1661 690 1756 763 ponti·

93 798 227 854 pugnans
243 797 308 835 cunr
330 779 493 851 antiquiore
508 779 605 833 Sancti
630 779 720 834 riustri
737 778 896 849 biographo
951 776 1010 830 ficis
1024 779 1197 844 auctoritati,
1214 780 1263 851 qui
1280 780 1374 834 locum
1389 779 1526 851 Seguiuo,
1547 779 1644 834 abbati
1665 780 1755 835 Casae·

92 867 900 952 seuprimorumquinqueCerthusiaePriorume1·ono-
951 866 1012 933 Dei,
1029 869 1252 923 commendavit.
1278 869 1402 923 Recessit
1424 868 1519 939 itaquo
1544 870 1638 922 Bruno
1654 884 1670 923 e
1686 868 1755 923 Car·

92 961 172 1030 logo.
189 960 283 1029 Atque
300 958 330 1010 hi
347 973 448 1011 omnes
464 961 520 1011 tres
533 956 661 1028 quidem,
678 958 719 1010 uli
736 956 836 1022 ctiam,
850 954 899 1026 qui
949 955 1044 1010 thasio
1056 960 1287 1027 postennosscx,
1306 974 1393 1030 quam
1405 974 1470 1011 cam
1481 956 1752 1027 incolerecoeperet.

92 1065 169 1103 suec
181 1048 293 1104 duobus
304 1048 408 1102 horum
423 1046 642 1111 recentioribus,
657 1044 900 1099 Puteanoscilicct
950 1045 1016 1114 Ejus
1031 1045 1153 1100 discessu
1164 1046 1329 1100 conturbati
1346 1045 1460 1111 fratros,
1477 1062 1541 1117 quea
1555 1047 1754 1101 humanaten·

93 1144 124 1194 et
148 1139 374 1202 Blomenvenne,
401 1137 590 1208 deprompsit,
615 1136 723 1202 Surius,
754 1136 899 1190 universos
950 1133 1218 1189 tatiocstinrebus
1236 1133 1332 1189 arduis
1350 1133 1501 1188 deficiente
1531 1133 1633 1204 magni
1655 1132 1754 1188 meriti

95 1226 193 1282 Sancti
209 1225 362 1296 discipulos
372 1242 487 1280 summo
501 1226 596 1292 luisse,
612 1242 678 1279 cum
704 1242 770 1279 eum
791 1243 806 1279 e
831 1226 898 1279 Car·
950 1223 1031 1291 duce,
1042 1224 1136 1277 locum
1151 1224 1305 1290 descrunt3
1326 1223 1404 1293 quod
1416 1222 1464 1276 uhi
1476 1223 1569 1277 Bruno
1584 1221 1751 1289 rescivisset,

94 1315 223 1370 thasiae
243 1314 381 1368 Pontifice
397 1313 530 1369 accersiri
550 1314 762 1379 intellexerunt,
774 1329 899 1368 rnoerorc
949 1312 1053 1367 litteris
1077 1313 1114 1366 ad
1130 1311 1296 1383 chuinum,
1318 1310 1459 1366 Casae-Dei
1477 1311 1625 1377 abbatem,
1639 1309 1752 1382 scriptis

95 1404 214 1458 allectos
225 1403 474 1474 Carthusiemquc,
489 1403 620 1457 abeunde
635 1402 899 1472 Sarrcto,{desercre
950 1401 1130 1455 Carthusiam
1142 1402 1168 1456 ei
1182 1401 1299 1471 ejusque
1315 1399 1491 1454 monasterio
1505 1399 1676 1454 concessit.»

95 1491 239 1558 statuisse,
258 1491 361 1546 litteris
388 1497 465 1546 recte
487 1492 670 1561 consignasse
697 1492 841 1546 videntur.
869 1491 899 1545 ld
986 1494 1047 1545 515.
1064 1489 1308 1555 lteblabillonius,
1325 1487 1751 1542 Brunonemscilicettuncde·

93 1583 185 1647 enim,
201 1584 232 1635 ut
247 1581 396 1635 utanullo
414 1597 529 1652 prorsus
544 1585 660 1636 auclore
676 1583 836 1652 synchrono
851 1598 900 1636 seu
951 1595 1126 1646 mun1,cum
1153 1578 1183 1632 in
1200 1578 1303 1632 itinere
1322 1578 1452 1632 humano
1483 1579 1532 1631 aut
1551 1577 1637 1631 etiem
1652 1578 1752 1630 Romae

97 1670 203 1742 aequali
219 1671 368 1725 memoriae
384 1671 531 1741 proditum
545 1671 718 1737 inveniatur,
734 1671 845 1726 veritati
861 1673 902 1725 ta·
951 1672 1121 1734 versaretur,
1133 1668 1369 1733 instrumentum,
1392 1683 1448 1739 qno
1465 1665 1645 1721 Carthusiam
1661 1665 1690 1719 in
1704 1663 1753 1718 Se-

93 1776 162 1815 men
182 1758 397 1813 erestitutionis
421 1759 577 1814 carthusiae
594 1758 669 1813 infra
693 1760 747 1813 buc
765 1760 898 1815 transcri-
914 1741 1072 1829 Bguinum
1083 1757 1217 1812 abbatem
1235 1756 1423 1828 transcripsit,
1442 1755 1597 1810 confecisse
1620 1753 1753 1825 epistole·

91 1848 192 1903 benda
206 1848 316 1914 charta,
325 1849 425 1917 utpote
440 1847 469 1902 in
484 1864 541 1919 qua
557 1864 590 1901 ex
605 1848 659 1902 hec
669 1865 767 1903 cremo
784 1849 812 1903 S.
831 1850 901 1903 Bru·
951 1864 1006 1918 que
1022 1847 1058 1901 ad
1072 1863 1139 1901 eum
1156 1846 1275 1911 misisse,
1292 1846 1433 1900 indicans.
1451 1845 1485 1898 Et
1495 1860 1573 1911 senc,
1586 1859 1617 1897 re
1632 1842 1751 1896 itacon·

92 1936 178 1992 nonis
188 1935 390 2007 sociiobhujns
400 1936 560 1991 absentiam
570 1936 718 1992 recessisse
728 1937 899 2000 innuuntur,
950 1936 1084 2003 siderate,
1108 1935 1190 1991 iecile
1215 1935 1334 2006 quisque
1350 1933 1501 2005 intelliget,
1525 1932 1584 2004 qui,
1601 1947 1666 1985 cum
1682 1930 1753 1987 Sau-

90 2041 252 2082 consonum
263 2024 384 2079 videtur.
399 2024 506 2079 Verum
518 2025 646 2080 indicent
658 2026 745 2079 ctiam
756 2026 899 2081 recentio-
950 2029 1011 2080 ctus
1035 2025 1100 2095 jem
1125 2026 1229 2080 absens
1243 2027 1326 2089 esset,
1341 2040 1391 2077 seu
1407 2022 1437 2076 in
1453 2023 1554 2077 itincre
1568 2038 1666 2076 versus
1677 2035 1750 2092 pon·

91 2130 137 2169 res
152 2113 262 2168 laudati
277 2112 374 2171 Sancti
381 2113 471 2169 nostri
480 2113 641 2185 biographi,
654 2115 898 2181 Brunonem,cum
937 2115 1056 2169 silicem
1072 2119 1121 2169 aut
1134 2113 1383 2179 llomoecxisteret,
1402 2110 1532 2183 discipuli
1552 2107 1711 2182 ejusdilabi
1735 2123 1752 2162 e

93 2203 277 2258 Carthasiam
305 2201 423 2274 Siguino
439 2202 528 2269 dedit,
545 2207 631 2274 atque
648 2219 681 2258 ex
695 2204 760 2270 hee,
775 2204 811 2258 ad
825 2220 897 2275 pou·
949 2205 1109 2270 Carthasia,
1124 2203 1326 2275 ipsequehisce
1341 2200 1534 2256 dilabentibus
1547 2194 1749 2271 scupotiusdi·

90 2290 197 2346 tilicem
211 2307 242 2345 se
257 2291 422 2356 collaturus,
434 2290 510 2356 exiit,
526 2290 825 2363 isthucpostearedire
840 2295 896 2347 sta·
940 2294 1044 2364 lapsis,
1062 2294 1288 2347 instrumentum
1296 2289 1455 2361 publicum,
1470 2305 1526 2361 quo
1541 2289 1618 2342 hanc
1630 2284 1749 2356 Siguino

88 2381 193 2446 tuisse3
222 2379 311 2450 quod,
328 2396 393 2434 eum
409 2380 614 2445 instrumento,
631 2398 687 2452 quo
714 2381 844 2447 Sanctus,
860 2380 897 2435 ad
949 2380 1092 2437 Casae-Dei
1117 2380 1213 2435 abbati
1238 2379 1366 2446 tradidit,
1392 2379 1500 2433 donare
1516 2374 1652 2446 potuerit,
1675 2373 1751 2428 selva

90 2467 259 2540 pontificem
285 2468 417 2535 tendens,
432 2467 550 2539 Signino
566 2469 708 2523 Casus-liei
723 2469 820 2524 abbati
832 2469 897 2524 Car·
947 2487 1048 2526 eorum
1064 2468 1195 2525 omnium
1206 2469 1335 2534 veritate,
1352 2484 1415 2538 quae
1432 2466 1461 2519 in
1473 2466 1574 2519 charta
1589 2460 1748 2518 restitutio·

88 2557 217 2612 thusiem
248 2556 378 2621 donavit,
402 2557 481 2611 nulla
508 2557 630 2613 omnino
647 2557 682 2611 dc
698 2557 894 2613 hacBrunoni
946 2560 991 2614 nis
1006 2558 1161 2614 Carthusiae
1177 2559 1341 2613 occurrunt.
1358 2558 1495 2609 Attamen
1525 2569 1592 2608 curn
1616 2551 1748 2617 Sanetus,

89 2645 208 2718 ejusque
217 2645 312 2712 sociis,
337 2645 360 2700 si
375 2645 513 2713 redirent,
529 2646 678 2701 reddenda
694 2648 804 2702 mentio
817 2647 896 2717 inge·
946 2651 1102 2719 antequam
1114 2647 1169 2701 iter
1182 2648 1345 2701 Romanum
1361 2644 1527 2714 susciperet,
1543 2643 1573 2696 in
1593 2641 1655 2713 ipso
1666 2638 1749 2695 disci·

87 2736 179 2800 ratur,
197 2749 301 2805 parum
314 2732 477 2788 verosimile
492 2733 562 2786 mihi
580 2738 710 2805 apparet.
723 2734 779 2788 Nee
789 2734 894 2789 verosi·
945 2739 1080 2810 pulcrum
1097 2751 1214 2791 suorum
1228 2751 1244 2788 e
1260 2733 1408 2789 Certhusia
1417 2748 1544 2786 recessus
1555 2732 1620 2784 actu
1629 2728 1750 2783 Cartha·

88 2821 187 2875 milius
201 2825 255 2887 est,
269 2821 348 2893 quod
363 2825 461 2875 temen
475 2821 564 2876 etiarn
582 2823 714 2877 nonnulli
725 2825 835 2887 volunt,
850 2823 895 2877 in·
946 2825 1018 2879 siam
1031 2825 1060 2879 in
1072 2824 1223 2895 Signinum
1237 2821 1376 2878 Casas-lici
1390 2821 1525 2875 abbatem
1541 2815 1751 2887 transcripsisse

88 2911 295 2977 strumentum,
324 2926 380 2981 quo
406 2910 527 2965 Sanctus
550 2909 729 2965 Carthusiam
755 2911 895 2966 Casae-Ilei
946 2914 1086 2981 videatur,
1104 2914 1143 2968 ita
1158 2905 1751 2984 malimremgcstemconcipere:S.Bru·

87 2997 321 3069 abbatiSiguino
343 2999 474 3065 contulit,
490 2999 703 3068 datumeijem
719 3003 781 3053 tum
797 3000 994 3096 fuissecno,
1010 3020 1075 3057 cum
1105 3020 1120 3057 e
1151 3001 1308 3066 Carthaea,
1326 2999 1475 3055 Lenduino
1504 2999 1534 3053 in
1557 2999 1750 3052 locumsuum

87 3102 155 3141 cum
175 3086 237 3157 ejus
247 3085 378 3158 discipuli
390 3102 405 3140 e
418 3087 566 3142 Carthusie
577 3088 613 3142 ob
623 3087 718 3143 dilecti
732 3106 765 3143 er
777 3089 890 3146 haelia-
945 3093 1108 3159 substituto,
1121 3091 1185 3161 jam
1200 3091 1368 3154 excesserat,
1383 3088 1420 3142 ed
1435 3088 1587 3158 hugonem
1602 3084 1751 3140 Gratiano·

79 3175 172 3246 'gistri
185 3176 339 3230 discessum
348 3177 480 3231 nondum
492 3176 895 3251 dilaberentur,dilapsurique
944 3182 1106 3253 politanum
1115 3180 1293 3251 episcopum,
1306 3178 1347 3231 uti
1358 3177 1453 3246 reipsa
1467 3175 1567 3230 secisse
1583 3191 1600 3228 a
1613 3174 1749 3228 bloman-

90 3265 297 3319 tantummodo
314 3265 393 3319 brevi
416 3268 512 3334 posta
536 3265 640 3320 Sancto
656 3267 893 3337 praeviderentur.
945 3287 1039 3325 venna
1055 3269 1173 3342 aliisque
1187 3271 1330 3334 narratur,
1341 3283 1414 3333 sese,
1431 3265 1457 3321 ei
1471 3263 1673 3330 valedicturus,
1681 3275 1749 3317 con·

125 3354 189 3408 514.
207 3353 323 3408 Etenim
336 3353 365 3407 in
381 3354 481 3408 charla
494 3354 681 3408 restitutionis
690 3354 845 3412 Carthusioe
852 3356 896 3413 di·
945 3360 1054 3426 tulerit,
1076 3358 1262 3432 discipulique
1278 3357 1399 3422 interea,
1416 3371 1488 3427 quos
1502 3355 1532 3408 in
1544 3351 1749 3409 Carthusiere·

89 3440 166 3497 citur
180 3443 276 3497 Bruno
292 3441 484 3508 carthusiam,
498 3459 564 3495 cum
581 3442 666 3508 «loci,
681 3443 818 3500 iratribus
833 3462 895 3501 rec·
946 3449 1079 3519 liquerat,
1109 3449 1208 3503 audito
1229 3448 1336 3502 Senatu
1351 3446 1483 3511 discessu,
1500 3442 1681 3499 Certhusiam
1702 3455 1752 3510 pa·

88 3531 356 3603 dentibuspropter
368 3531 529 3585 absentiam
543 3531 613 3601 ejus,
630 3532 895 3589 destitutionemvi-
945 3539 1026 3604 riter,
1044 3537 1217 3592 desiderium
1234 3537 1295 3608 ejus
1304 3535 1380 3590 ferre
1388 3534 1466 3590 heud
1476 3534 1613 3600 valentes,
1628 3529 1752 3601 relique-

89 3620 200 3687 deret,»
215 3619 442 3691 Siguiuoebbati
453 3620 850 3690 dedisscaccommendesse3
865 3626 896 3677 ut
946 3627 1014 3681 rint.
1033 3629 1074 3680 lta
1088 3642 1157 3680 sanc
1171 3626 1247 3680 facili
1261 3625 1350 3679 etiarn
1362 3623 1479 3694 negotio
1494 3622 1682 3693 intelligetur,
1698 3616 1749 3691 qui

88 3707 214 3780 preinde
231 3708 470 3775 instrumentum,
497 3724 553 3779 quo
574 3709 754 3764 Carthasiam
776 3711 894 3782 Signino
946 3719 975 3771 et
988 3717 1117 3781 Sanctus,
1135 3713 1312 3769 eCarthusie
1326 3713 1485 3778 discedens,
1502 3710 1693 3766 dilabentibus
1714 3722 1750 3764 ex

89 3795 211 3851 Sanctus
227 3796 317 3864 dedit,
344 3797 480 3852 collatum
495 3797 531 3863 ei,
550 3797 649 3869 primis
672 3799 828 3855 Carthusiae
842 3801 897 3856 lta-
946 3806 999 3859 hac
1015 3803 1159 3875 discipulis
1173 3803 1239 3868 suis,
1255 3818 1322 3856 mox
1339 3801 1368 3855 id
1390 3800 1490 3855 audire
1518 3803 1547 3853 et
1570 3798 1747 3852 instrumen-

84 3883 160 3955 juris
172 3884 273 3939 incolis
288 3884 383 3940 Sancti
398 3884 541 3956 discipulis
555 3885 687 3942 nondum
704 3888 896 3943 dilabentibus
946 3898 1020 3961 turn,
1048 3910 1105 3966 qno
1121 3891 1300 3947 Carthasiam
1327 3889 1446 3960 Signino
1480 3888 1624 3943 Casa-Ilei
1651 3883 1749 3941 abbati

91 3989 142 4028 seu
159 3972 340 4029 Carthasiam
362 3973 603 4044 relinquentibus,
616 3975 795 4044 haudsuerit,
808 3979 896 4032 maxi·
946 3973 1750 4049 commendavit,cons1cere‚coniectumqueautipsemet

89 4078 139 4116 me
150 4078 215 4117 cum
233 4062 262 4116 id
278 4063 307 4116 iu
323 4062 446 4117 fratrum
468 4080 518 4116 scu
541 4062 746 4135 discipulorum
763 4065 859 4122 Sancti
879 4083 895 4121 e
946 4073 983 4128 ad
997 4073 1074 4127 hunc
1087 4072 1210 4139 deferre,
1228 4069 1381 4126 autetiam
1397 4069 1434 4124 ab
1451 4068 1541 4122 altero
1558 4063 1749 4121 deferendum

90 4150 241 4206 Carthasia
255 4168 369 4207 recessu
384 4151 503 4217 sactum,
522 4150 628 4206 diserta
645 4153 775 4209 tradatur
789 4155 819 4209 in
834 4155 895 4228 epi·
944 4179 1045 4218 curare
1061 4162 1196 4234 potuerit.

89 4241 164 4296 stola
179 4240 376 4312 infraparitcr
391 4241 445 4295 huc
465 4241 695 4306 transcribenda,
724 4260 782 4314 que
805 4245 895 4301 Urbe·
982 4255 1044 4308 516,
1071 4253 1160 4308 Poma
1184 4267 1218 4306 ex
1252 4250 1351 4305 charta
1375 4244 1565 4303 restitutionis
1592 4239 1749 4299 Carthasim

89 4344 144 4383 nus
155 4329 178 4383 ll
191 4344 267 4400 papa
280 4329 409 4400 Signino'g
422 4328 528 4395 abbati,
544 4331 576 4383 ut
592 4329 748 4386 Carthasiae
763 4348 894 4388 eremum
908 4317 1034 4396 Deliam
1049 4342 1162 4413 collige,
1180 4339 1349 4412 opinionem
1365 4353 1479 4405 eorum,
1495 4334 1544 4408 qni
1558 4317 1696 4389 Sandum
1717 4330 1749 4386 in

90 4415 119 4471 S.
133 4418 277 4473 Brrmonis
292 4417 444 4489 discipulis,
459 4418 495 4472 ad
511 4418 585 4472 hanc
600 4419 796 4487 redeuntibus,
813 4423 894 4479 resti·
945 4431 1058 4498 itinere,
1075 4431 1153 4502 quod
1174 4429 1342 4500 pontificem
1371 4443 1469 4481 versus
1491 4423 1625 4496 suscepit,
1648 4435 1749 4477 omnes

87 4508 162 4572 tuat,
192 4506 326 4577 injungit·
346 4508 383 4561 At
397 4523 474 4573 Vffl'Oi
491 4507 614 4579 intimes,
631 4508 654 4561 St
673 4507 794 4564 Sanetus
814 4512 895 4566 Chal*-
945 4537 1061 4591 prorsus
1085 4534 1151 4573 suos
1170 4518 1200 4571 in
1226 4515 1375 4571 Cambusis
1393 4514 1545 4586 discipulos
1568 4512 1688 4569 comites
1700 4512 1750 4566 he-

87 4598 160 4662 tam,
177 4612 234 4666 (1¹1³
243 4594 551 4666 Casihflslflfflffissuiw
568 4596 656 4663 dedit,
670 4597 863 4655 dilabentibus
878 4618 894 4656 e
946 4603 1471 4675 buissestatuunt,veritatineutiquam
1483 4615 1747 4674 possecongruerc.

89 4683 241 4740 Certhusia
257 4684 401 4755 discipulis
415 4685 481 4751 suis,
500 4702 550 4740 seu
565 4685 595 4740 in
609 4686 715 4741 horum
739 4704 773 4742 ex
794 4705 894 4744 eremo
945 4699 976 4751 ln
987 4697 1036 4752 illa
1046 4696 1125 4751 enim
1139 4696 1249 4761 charta,
1268 4710 1325 4766 qne
1341 4690 1560 4763 hisceSigninus
1568 4688 1749 4745 Carthasiem

87 4772 136 4827 illa
148 4790 261 4828 recessu
283 4773 433 4844 impertiit,
451 4773 499 4844 qui
514 4790 614 4829 vorum
630 4774 817 4847 intelligetur,
834 4795 895 4834 csse
945 4785 1078 4851 restituit,
1095 4786 1189 4840 Bruno
1212 4783 1314 4839 abiens
1329 4781 1513 4836 Lenduiuum
1528 4779 1665 4835 omnibus
1687 4775 1749 4831 aliis

87 4859 152 4916 5¹1⁰ss
165 4862 201 4916 ⁰b
217 4861 314 4917 Sancti
331 4863 493 4917 absentiam
510 4878 561 4916 ⁵0¹1
574 4879 608 4917 00
627 4863 655 4919 in
674 4864 779 4920 itinere
798 4884 813 4922 θ
830 4865 896 4922 Car·
945 4874 1002 4930 suis
1017 4873 1159 4945 discipulis
1172 4874 1202 4928 in
1214 4872 1363 4929 carthusie
1377 4868 1625 4926 commorantibus
1637 4879 1750 4937 praepo·

87 4950 184 5006 thusia
199 4967 296 5006 versus
309 4952 476 5023 pontificem
485 4951 549 5021 jam
562 4952 711 5023 existente,
733 4957 772 5010 uti
797 4958 895 5013 charte
945 4963 1033 5018 snisse
1047 4963 1164 5031 dicitur,
1181 4963 1228 5035 qui
1254 4966 1353 5017 autern
1370 4961 1479 5015 facturn
1492 4957 1521 5012 id
1535 4972 1595 5011 esse
1611 4956 1709 5026 queat,
1725 4950 1750 5007 si

87 5040 279 5094 restitutionis
290 5040 514 5109 Cartliusiaejam
530 5042 636 5111 pluries
648 5045 765 5100 laudate
776 5046 893 5114 indicet,
945 5067 1010 5106 cum
1022 5050 1127 5106 Sancto
1142 5053 1172 5106 et
1182 5052 1348 5106 Landuinus
1363 5051 1392 5102 et
1406 5046 1509 5118 reliqui
1519 5060 1621 5100 omnes
1631 5043 1693 5115 ejus
1708 5039 1749 5095 di·

88 5142 105 5180 e
121 5126 272 5184 Carthasia
287 5129 433 5200 dilapsos?
448 5129 628 5185 llabillonius
636 5131 665 5185 iu
676 5135 834 5190 Annalibus
842 5138 892 5191 Be·
944 5140 1043 5213 scipuli
1066 5141 1122 5196 iter
1134 5157 1231 5195 versus
1247 5139 1415 5211 pontificem
1428 5132 1627 5206 susceperint?
1640 5132 1747 5186 Verum

87 5215 667 5285 nedictisllb.cxxvnnunoasiescribit:
679 5222 802 5278 «Eodem
818 5228 893 5281 tem·
944 5248 1042 5286 nonne
1060 5230 1179 5285 Sanctus
1200 5229 1311 5300 aliquot
1335 5226 1438 5280 saltem
1454 5239 1488 5277 er
1502 5222 1579 5277 hisce
1597 5219 1690 5277 socios
1704 5216 1748 5272 iti·
1762 5269 1764 5272 s

87 5319 173 5375 pore,
189 5323 245 5376 quo
257 5310 342 5361 uetus
356 5311 399 5362 est
417 5308 589 5375 bernardus,
613 5309 719 5376 Bruno,
736 5311 893 5370 Carthusiac
944 5320 1084 5375 norissibi
1100 5318 1199 5373 habuit
1214 5312 1372 5387 adjunctos!
1397 5314 1445 5366 Est
1464 5327 1542 5378 saue,
1559 5325 1610 5364 cur
1634 5309 1663 5363 id
1685 5320 1760 5368 non,

85 5393 321 5466 Majorisprimus
337 5397 493 5464 institutor,
510 5398 673 5453 abUrbano
690 5401 723 5466 ll,
744 5402 793 5472 qui
806 5402 894 5474 ipsius
944 5425 1030 5463 nemo
1053 5408 1106 5463 sihi
1123 5405 1304 5477 persuadeat,
1327 5419 1404 5471 curn,
1433 5405 1465 5456 ut
1485 5416 1572 5471 supra
1591 5396 1686 5463 docui,
1715 5394 1745 5450 in

87 5483 168 5554 apud
180 5484 286 5540 Remos
300 5485 453 5559 discipulus
476 5486 581 5554 luerat,
604 5488 727 5544 Romam
745 5499 890 5563 evocatur,
943 5496 1049 5552 chartis
1064 5495 1181 5568 Rogerii
1194 5492 1318 5560 comitis,
1334 5495 1363 5546 et
1378 5489 1495 5564 Rogerii
1521 5486 1600 5543 ducis
1626 5484 1748 5543 Sanctus

85 5576 121 5629 ut
133 5572 197 5644 ejru
208 5575 335 5632 comdiis
348 5575 380 5632 in
393 5574 525 5636 Ecclesia
535 5576 738 5637 moderamine
749 5583 890 5657 uteretur,
942 5601 1009 5649 eum
1022 5584 1168 5643 soedssihi
1179 5580 1323 5659 emunctis
1335 5579 1462 5638 eGellice
1473 5576 1607 5652 pertibru
1616 5574 1649 5635 in
1669 5574 1747 5633 Cele-
