3772 5976
73 262 131 322 ,ῃ
866 257 958 319 acm
1685 268 1740 335 2³⁸

70 403 237 446 mmmm
251 384 424 444 testimoniis
436 383 588 457 destituta3
604 385 675 459 puta
696 384 774 461 quod
785 387 883 460 aliqua
891 406 920 466 Α
931 386 1028 457 fuisse,
1043 384 1134 462 primi
1150 385 1212 464 ejus
1226 389 1294 449 socii
1317 388 1482 468 discipulive
1502 399 1669 473 sequacibus
1683 401 1741 460 suis

71 479 102 536 S.
116 480 220 536 Ursula
234 494 300 533 cum
317 475 442 549 plurima
454 476 540 533 turba
553 477 697 533 sociarum
714 493 731 532 a
752 477 882 533 barbaris
932 479 1087 547 narrarint,
1103 481 1264 555 horumque
1287 483 1391 540 deinde
1414 489 1531 557 posteri,
1550 506 1581 545 rc
1601 494 1739 564 temporis

70 569 159 625 fuerit
174 572 241 624 ante
254 567 333 622 urhis
348 566 535 633 Coloniensis,
547 566 626 621 abiis
639 568 771 634 obsessae,
784 583 882 623 muros
931 568 1011 639 lapsu
1026 568 1104 624 falsis
1114 571 1356 641 adjunctisaucla,
1367 575 1533 648 prodigium
1547 579 1616 635 illud
1629 583 1742 653 publice

69 659 234 725 interfecta,
246 661 314 725 etc.;
329 656 407 728 quod
420 655 448 710 S.
466 655 617 727 Dionysuis
628 656 776 729 episcopus
790 657 883 712 lloma
931 657 1150 714 coraminssnita
1163 664 1374 733 propemodum
1383 667 1482 737 populi
1498 669 1683 726 multitudine
1695 689 1742 728 ac·

70 749 176 804 missus
190 747 220 801 in
234 745 366 811 Galliam,
387 744 501 799 Parisiis
522 744 610 800 fldem
632 745 839 816 praedicaverit,
854 747 882 801 et
931 745 1043 814 cidisse,
1070 748 1257 822 damnatique
1281 768 1364 809 voces
1386 755 1476 811 tribus
1497 757 1598 814 diebus
1625 760 1743 819 diversis

69 833 881 908 ,110sanguineconsignaritmliaquesimilia;contingit,
931 835 1061 903 rediisse,
1077 838 1262 907 crediderint,
1278 841 1347 896 licet
1369 842 1486 900 interim
1508 847 1603 903 feralis
1623 851 1744 910 historia

69 925 204 998 inquam,
220 941 306 996 saepe,
321 926 353 978 ut
374 939 418 990 ea,
435 939 499 996 quae
514 921 616 995 primm
639 922 801 978 traditionis
816 923 881 978 sub·
933 923 1009 980 intra
1023 926 1148 997 privatas
1163 928 1290 984 defuncti
1307 932 1382 987 mdes
1406 951 1505 991 coram
1521 938 1618 1009 paucis
1637 940 1743 997 dunta-

69 1014 185 1070 stantiae
199 1015 301 1086 postea
316 1013 496 1067 accesserunt
511 1014 649 1084 tanquam
669 1028 702 1066 ex
724 1011 882 1067 traditione
932 1015 989 1078 rat,
1019 1030 1142 1085 quorum
1167 1034 1240 1071 unus
1266 1018 1364 1074 fuisset
1393 1021 1422 1077 S.
1447 1025 1553 1093 Bruno,
1582 1028 1742 1099 accidisset,

69 1107 120 1159 aut
135 1102 311 1158 revelatione
337 1101 380 1172 (ut
401 1101 509 1155 factum
525 1117 576 1172 per
591 1100 814 1174 compositiones
829 1101 881 1155 Lc-
933 1103 1120 1177 damnatique
1133 1121 1224 1173 voces,
1242 1124 1300 1162 non
1319 1109 1409 1165 tribus
1431 1112 1530 1168 diebus
1548 1115 1675 1185 diversis,
1691 1118 1743 1177 sed

68 1192 246 1266 gendarum,
270 1193 340 1263 puta
363 1190 503 1260 Legenda
528 1190 709 1263 Dionysiana,
731 1191 825 1244 seculo
842 1206 880 1256 rx,
932 1208 990 1246 uno
1006 1192 1308 1268 eodemquercpetitac
1324 1198 1453 1256 fuissent.

70 1282 220 1338 Ursulanoe
233 1281 327 1336 seculo
336 1278 385 1350 xc)
396 1280 501 1334 merito
510 1279 686 1350 rejiciantur,
701 1283 733 1334 ut
743 1278 883 1333 recentio·
969 1281 1031 1336 394.
1049 1279 1122 1347 Quid
1138 1283 1160 1337 si
1171 1301 1240 1356 crgo
1256 1302 1302 1339 res
1313 1289 1463 1357 posteriori
1474 1291 1529 1347 hoc
1538 1295 1626 1350 modo
1637 1313 1741 1355 evene-

69 1387 138 1428 rum
159 1370 275 1425 somnia
289 1372 522 1441 commentaque,
539 1369 591 1423 toti
616 1372 695 1423 retro
716 1366 881 1440 antiquitati
931 1367 993 1423 rit‘l
1022 1367 1108 1437 Sane,
1125 1371 1172 1443 qui
1196 1371 1236 1427 ita
1251 1390 1317 1428 vere
1341 1375 1446 1432 factam
1476 1384 1642 1451 autumavit,
1663 1386 1742 1445 haud

69 1460 174 1532 ignota
190 1475 197 1514 :
211 1459 416 1526 recentiorum,
441 1458 572 1531 inquam,
598 1474 658 1512 non
673 1456 829 1529 respective
845 1455 881 1511 ad
931 1459 1056 1512 multum
1072 1476 1088 1513 a
1104 1458 1351 1519 verisimilitudine
1367 1467 1428 1538 ojus
1449 1468 1615 1527 abhorrebit
1629 1475 1739 1546 opinio,

70 1565 124 1604 nos
137 1548 226 1603 hodic
240 1547 375 1614 viventes,
402 1547 452 1602 sed
475 1546 632 1618 respective
656 1547 782 1613 adrem,
805 1545 882 1615 ipsos
933 1544 1074 1603 imovero
1094 1549 1220 1619 potuerit
1235 1555 1379 1624 utcunque
1398 1557 1567 1613 verosimilis
1581 1561 1682 1619 videri.
1698 1566 1742 1621 lta

70 1636 289 1694 saeculismultis
297 1652 497 1709 progressam,
508 1657 522 1684 o
538 1637 580 1690 lta
592 1635 760 1701 rectissime,
768 1637 800 1688 ut
810 1630 882 1688 mihi
932 1637 1013 1706 puto,
1030 1636 1119 1706 quod,
1135 1641 1165 1691 ut
1175 1638 1238 1709 jam
1254 1656 1340 1711 supra
1362 1643 1429 1698 satis
1450 1645 1602 1716 insinuavi,
1618 1652 1740 1711 subinde

68 1727 207 1800 equidem
215 1727 359 1799 apparet]
364 1725 484 1780 nudatus
490 1724 711 1797 Papebrochius,
719 1723 767 1796 qui
777 1722 883 1778 deinde
896 1721 921 1782 B
932 1722 1021 1781 etiam
1036 1724 1096 1792 flat,
1111 1728 1141 1780 ut
1150 1725 1225 1782 facta
1235 1728 1379 1798 historica,
1391 1732 1503 1789 etiamsi
1517 1736 1631 1794 silentio
1646 1741 1740 1797 ascri·

68 1815 175 1871 eodem
191 1816 312 1871 articulo
328 1831 409 1870 num·
426 1817 457 1870 {3
473 1815 533 1869 hmo
548 1815 637 1869 etiam
652 1814 708 1868 huc
723 1812 882 1883 spectantia
932 1812 1062 1882 ptoribus
1077 1813 1212 1870 omnibus
1222 1820 1474 1889 contemporaneis
1482 1823 1539 1879 sint
1550 1843 1690 1898 supressa,
1701 1830 1739 1888 ad

66 1905 231 1978 suppediap
242 1903 455 1960 qradjfiffljhus
465 1903 658 1976 popularibus,
670 1901 806 1957 sacrisvel
818 1916 882 1971 pro·
930 1917 1046 1974 eosque,
1059 1902 1188 1974 aquibus
1194 1904 1313 1960 tandem
1322 1907 1425 1963 litteris
1431 1909 1511 1967 fucre
1521 1918 1736 1989 commendate,
1803 1981 1805 1985 Α

66 1992 189 2060 fanis...,
199 1993 505 2066 plerumqueveritatis
516 1992 626 2065 aliquid
638 1991 734 2064 quoad
748 1990 879 2045 substau-
929 1991 1085 2046 traditione
1104 1991 1253 2061 duntaxat,
1267 2012 1331 2068 quas
1348 2001 1464 2054 centum
1479 2003 1602 2074 amplius
1622 2008 1739 2067 annisa

65 2082 138 2138 tiam
152 2082 260 2149 subest,
277 2083 327 2137 sed
341 2084 464 2137 multum
479 2081 596 2137 furfuris
610 2080 764 2136 successive
781 2094 877 2149 asper·
928 2079 1064 2151 reigestm
1071 2080 1286 2153 originedistet,
1297 2083 1588 2160 fuerinttransmissa,
1600 2110 1653 2165 pro
1661 2098 1736 2154 veris

63 2188 139 2239 sum,
167 2188 186 2226 a
211 2187 269 2244 quo
295 2171 411 2226 difficile
440 2171 476 2226 sit
509 2188 558 2226 aas
587 2171 627 2225 sic
650 2168 819 2242 repurgari,
845 2171 878 2223 ut
927 2168 985 2222 sint
999 2168 1141 2236 habenda,
1151 2187 1213 2237 nec,
1223 2187 1280 2243 quo
1295 2172 1391 2228 minus
1401 2176 1559 2234 Parisiense
1569 2183 1735 2256 prodigium

63 2260 193 2316 hominis
207 2260 358 2333 prudentis
370 2261 531 2315 intellectus
543 2260 588 2327 iis,
606 2264 744 2332 tanquam
758 2261 876 2313 eatenus
926 2255 948 2310 si
964 2273 1023 2311 non
1039 2257 1161 2328 publico,
1176 2259 1226 2314 sed
1238 2275 1336 2315 coram
1351 2264 1449 2334 paucis
1464 2268 1577 2324 tantum
1588 2270 1665 2328 intra
1676 2274 1736 2346 pri·

63 2349 161 2417 carth,
192 2349 265 2404 citra
290 2348 479 2404 formidinem
508 2349 670 2421 acquiescat
690 2365 696 2403 :
715 2365 747 2403 ac
775 2350 876 2419 postca
924 2345 1736 2434 votasdefunctircdesaccidissestatuatur,factis,hujus-

61 2455 145 2495 num.
162 2440 195 2494 19
211 2437 300 2494 etiam
312 2438 387 2493 ista:
404 2461 417 2488 ι(
434 2439 532 2505 Fama,
547 2438 688 2511 principio
704 2438 875 2512 plerumque
925 2432 1004 2488 modi
1018 2435 1162 2490 accenseri
1179 2440 1275 2508 queat,
1291 2438 1451 2497 universale
1464 2443 1499 2499 de
1515 2462 1549 2501 eo
1563 2449 1736 2522 scriptorum

63 2527 191 2583 minimo
207 2529 237 2582 et
250 2544 326 2600 προ
340 2544 399 2582 non
415 2543 482 2583 ,ero
499 2531 572 2594 orm,
925 2521 1068 2590 omnium,
1085 2522 1134 2594 qui
1149 2522 1415 2598 integroprimo,et
1426 2531 1595 2592 forteetiam
1608 2542 1734 2599 secundo

114 2615 271 2672 Mobilitale
281 2619 350 2688 otqet
360 2619 478 2689 viresque
489 2618 605 2690 acquirit
620 2615 716 2679 eundo,
924 2614 988 2681 post
1002 2626 1064 2665 rem
1077 2615 1188 2684 gestam
1203 2615 1305 2670 saeculo
1325 2616 1441 2674 labente
1455 2620 1626 2695 floruerunt,
1642 2629 1736 2685 obstet

116 2704 214 2762 Paroa
229 2713 300 2760 metat
311 2708 554 2778 prosternentem
568 2704 805 2762 attollitincuroc
926 2697 1083 2766 Silentium,
1110 2703 1208 2772 Uti)ote
1233 2703 1313 2775 cnjus
1338 2705 1412 2761 Γθῑῑθ
1435 2724 1495 2763 ¹¹⁰ss
1510 2709 1618 2785 ineptas
1636 2717 1735 2774 &sacti

116 2793 329 2867 ingrediturque
337 2794 391 2849 solo
404 2801 429 2849 et
444 2801 525 2865 ceput
535 2796 605 2850 inter
613 2793 705 2848 nubilo
721 2793 820 2849 condit.
925 2787 1110 2858 58ss⁰r³fi⁰¹¹⁰
1125 2790 1259 2862 repetitas
1274 2794 1392 2850 ὓθθῑῑΐῑῑ·
1409 2797 1480 2854 Cum
1493 2800 1572 2857 enim
1590 2805 1735 2864 1U0i¹¹⁰³¹1⁸

99 2886 164 2941 393·
179 2908 193 2933 a
208 2884 317 2940 Eodem
329 2883 523 2939 semmodose
535 2883 747 2939 haboqqmdffio
758 2883 878 2954 p0pula.
925 2880 1053 2945 eventus,
1077 2877 1100 2932 si
1122 2896 1181 2934 non
1200 2881 1313 2952 publice
1336 2885 1480 2957 acciderit,
1505 2891 1673 2952 Guihertum
1697 2898 1734 2954 de

60 2973 111 3028 ris·
127 2972 307 3045 Principium
316 2973 377 3044 ejus
390 2973 562 3045 plerumque
577 2975 620 3026 esp
634 2972 742 3027 sactum
758 2971 875 3043 aliquod
925 2965 1084 3038 Novigento
1095 2967 1223 3040 aliosque
1230 2971 1383 3043 scriptores
1391 2977 1525 3050 antiquos
1534 2999 1619 3055 supra
1631 3002 1734 3044 recen-

61 3062 265 3129 memorabile,
276 3061 635 3134 velquodreipsacontigit
649 3061 814 3133 aliquando,
824 3061 874 3116 sed
924 3055 993 3111 sitos
1007 3054 1090 3109 facile
1106 3056 1196 3112 latere
1205 3060 1341 3129 potuerit,
1354 3080 1414 3120 non
1425 3069 1467 3121 est
1479 3085 1550 3125 sano
1564 3087 1615 3127 cur
1631 3090 1732 3132 corum

59 3167 145 3206 cursu
160 3151 300 3223 temporis
316 3151 420 3206 talibus
444 3150 624 3205 Ornamentis
648 3152 736 3222 apquo
760 3149 873 3205 addita.
924 3141 1026 3198 dehoc
1041 3144 1149 3202 mirum
1174 3147 1285 3203 accidat
1307 3151 1464 3224 silentium,
1482 3161 1531 3214 aut
1549 3177 1612 3217 rem
1629 3181 1663 3218 cx
1677 3166 1733 3223 hoc

59 3241 168 3297 mentis
178 3241 318 3308 induitur,
334 3245 366 3296 ut
382 3240 508 3314 seipsum
524 3242 625 3313 postea
644 3239 766 3295 miretur
786 3239 873 3295 etvix
922 3229 1024 3286 falsam
1040 3249 1100 3289 csse
1116 3251 1281 3307 arguamus.
1294 3240 1338 3295 bd
1347 3241 1419 3310 haec,
1434 3245 1654 3308 nisiParisiense
1669 3271 1735 3326 pro-
1790 3289 1795 3298 ·

59 3332 217 3402 agnoscat3
231 3330 274 3384 vel
291 3327 512 3402 quodabotioso
528 3327 646 3400 ingenio
658 3327 764 3399 priscas
774 3343 872 3384 rerum
922 3320 1043 3393 digium,
1061 3340 1118 3396 quo
1135 3324 1165 3380 in
1179 3342 1311 3383 eremum
1322 3335 1401 3386 actus
1413 3333 1449 3389 sit
1464 3335 1492 3391 S.
1511 3339 1617 3408 Bruno,
1633 3360 1732 3404 coram

58 3419 189 3490 origines
204 3419 234 3473 in
249 3419 292 3474 sui
312 3434 464 3474 suorumve
486 3416 771 3472 commendationem
788 3416 870 3472 inda.
920 3412 1133 3484 paucissaltem
1156 3414 1369 3489 intraprivatas
1390 3422 1517 3481 defuncti
1537 3430 1613 3486 aedes
1634 3433 1731 3492 locum

57 3509 166 3580 gantis,
182 3507 301 3580 fingitur
313 3507 487 3580 contigisse3
506 3510 565 3561 ela
588 3505 643 3560 levi
664 3506 759 3576 vurlgo,
776 3505 868 3574 avide,
919 3500 1051 3557 habuisse
1065 3503 1244 3573 admittatur,
1257 3512 1471 3581 oportet3utvel
1481 3515 1598 3586 ipsimet
1610 3519 1730 3582 Carthe-

58 3597 138 3670 quod
149 3600 240 3669 optat,
249 3596 404 3663 credendo,
416 3595 630 3667 adoptaturpro
643 3610 720 3661 vero,
730 3593 870 3649 etcolitur
919 3587 990 3645 siani
1004 3590 1173 3647 horribilem
1187 3593 1338 3652 historiam
1350 3615 1384 3653 er
1398 3603 1460 3657 toto
1475 3606 1676 3679 confinxerint,
1686 3615 1730 3670 vel

57 3701 110 3759 pm
124 3685 176 3740 [λῃ
191 3687 349 3757 permulta
364 3701 439 3756 saepe
465 3684 578 3738 saccula.
603 3682 739 3754 Exempla
754 3685 814 3736 tam
837 3681 868 3737 in
918 3681 951 3732 ut
960 3677 1024 3748 jam
1039 3678 1074 3733 ab
1090 3679 1153 3734 aliis
1167 3683 1322 3740 conflatam
1337 3687 1522 3761 adoptarint3
1539 3696 1666 3765 primum
1681 3719 1732 3759 au·

56 3790 140 3829 ma
152 3790 242 3846 quam
255 3772 378 3847 profano
392 3771 513 3827 hisqorja
528 3774 676 3827 occurant,
695 3792 709 3819 ‚v
726 3771 790 3825 flaec
804 3787 866 3826 om·
916 3770 977 3822 tem
992 3766 1091 3823 fecisse
1106 3769 1181 3824 viros
1191 3771 1351 3843 religiosos,
1368 3777 1495 3834 veritatis
1505 3786 1727 3859 amantissimos,

56 3861 106 3916 nia
121 3861 158 3917 de
175 3861 378 3917 traditionibus
393 3859 616 3932 papebrochius,
631 3863 659 3914 ct
669 3876 749 3927 sanc,
765 3863 797 3914 ut
802 3860 865 3932 jam
915 3856 1137 3930 fabularumque
1154 3875 1260 3926 osores,
1276 3861 1340 3933 quis
1355 3863 1438 3921 facilc
1451 3867 1481 3924 iu
1497 3870 1627 3929 animum
1642 3875 1727 3935 indu-

53 3949 306 4017 dj1i‚rectissime.
325 3949 531 4016 Quamobrem,
545 3964 612 4003 cum
632 3947 791 4004 secundum
803 3949 865 4005 haec
914 3945 985 4000 cat?
999 3946 1043 4000 An
1059 3961 1130 4019 ergo
1150 3945 1180 4002 in
1196 3948 1320 4005 alterum
1341 3952 1418 4026 ipsos
1440 3955 1594 4033 impegisse
1616 3980 1726 4023 assere·

52 4055 113 4094 non
123 4054 192 4093 raro
208 4038 367 4110 contingat,
385 4041 425 4105 ut,
438 4037 568 4110 quamvis
580 4037 748 4093 traditiones
765 4041 823 4106 aut,
841 4037 864 4092 si
914 4035 1008 4088 mus?

50 4126 145 4182 mavis
168 4126 361 4193 narrationes,
381 4142 445 4200 ΨΜ
460 4126 527 4180 solis
542 4125 745 4181 “aditionibus
764 4141 863 4197 super.
950 4125 1010 4178 395.
1028 4144 1042 4173 o
1059 4122 1088 4178 Si
1103 4123 1201 4181 fabula
1210 4130 1262 4194 est,
1273 4127 1366 4202 inquit
1375 4131 1412 4188 dc
1427 4133 1556 4193 damnati
1567 4140 1686 4200 historia
1694 4144 1724 4203 in

49 4218 212 4283 eruuntur,
227 4215 399 4270 falsitatibus
414 4214 546 4286 plurimis
567 4214 625 4269 sint
648 4214 772 4282 infectoe,
788 4230 862 4269 verae
913 4227 1011 4283 opere,
1029 4212 1106 4283 quod
1129 4214 1240 4272 ordinis
1260 4216 1468 4279 Carthasiensis
1482 4228 1607 4284 Annales
1622 4231 1722 4289 inscri-

50 4306 150 4359 tamen
167 4302 200 4358 in
223 4303 383 4359 substantia
409 4304 477 4371 sint,
503 4306 552 4357 aut
576 4305 653 4358 certe
667 4303 727 4358 veri
754 4303 899 4375 aliquidD
913 4299 978 4370 psit,
992 4298 1041 4354 lib.
1057 4318 1076 4368 1,
1093 4317 1156 4372 cap.
1171 4305 1195 4370 l,
1213 4321 1294 4361 num.
1317 4311 1346 4362 ll
1364 4310 1507 4370 Massonus
1522 4333 1608 4388 supra
1622 4321 1721 4378 lauda·

49 4396 195 4464 quantum
210 4391 247 4446 ad
259 4392 333 4446 hanc
350 4393 528 4458 contineant,
548 4391 611 4446 ficri
626 4390 709 4446 facile
723 4393 818 4462 potest
831 4394 864 4445 ut
912 4390 967 4456 tus,
984 4407 1001 4444 e
1016 4390 1199 4461 quibusnam,
1217 4403 1513 4471 quaes0,composita‘l
1525 4405 1606 4463 Certe
1616 4413 1720 4469 nonab

50 4479 311 4535 Carthasimornm
325 4480 360 4535 de
374 4480 531 4547 horrendo,
542 4497 599 4552 quo
608 4478 636 4534 S.
652 4480 746 4534 Bruno
761 4479 861 4534 inere·
912 4479 984 4546 aliis,
997 4496 1085 4552 quam
1101 4497 1117 4535 a
1132 4485 1313 4541 saecularibus
1326 4487 1556 4550 hominibusdici
1572 4503 1722 4568 potestex·

50 4585 134 4624 mum
145 4569 245 4641 pulsus
253 4567 350 4637 fuerit,
358 4569 491 4642 prodigio
502 4567 654 4624 Parisiensi
663 4567 791 4635 traditio,
802 4571 862 4635 aut,
913 4569 1049 4639 cogitata.
1067 4568 1200 4634 Quonam
1210 4577 1307 4629 autem
1318 4577 1405 4633 modo
1420 4596 1437 4633 a
1448 4581 1549 4652 primis
1560 4585 1720 4649 carthusia·

50 4656 72 4710 si
95 4657 202 4722 mavis,
218 4657 356 4730 anonymi
372 4658 533 4728 primorum
556 4656 691 4728 quinquae
708 4655 864 4712 Canthusiae
914 4656 958 4710 nis
984 4674 1016 4711 ac
1038 4658 1095 4713 suis
1115 4659 1219 4715 deinde
1243 4666 1450 4723 successoribus
1476 4671 1541 4726 talis
1566 4674 1672 4746 fabula,
1703 4698 1721 4738 a

51 4746 185 4816 priorum
201 4746 413 4818 chronographi
430 4745 612 4817 aliorumque
628 4760 714 4817 supra
733 4746 863 4800 laudato·
914 4746 1254 4818 sacularibusfehricatu,
1271 4768 1322 4824 pro
1336 4769 1366 4808 ro
1378 4756 1525 4814 verissima
1539 4763 1650 4820 admitti
1667 4784 1719 4839 po·

52 4850 115 4891 mm
126 4836 303 4907 scriptorum
310 4835 346 4890 dc
352 4835 456 4890 eodem
462 4835 602 4903 narratio,
614 4851 630 4888 c
647 4834 801 4891 traditione
815 4835 864 4892 illa
913 4835 978 4902 tuit,
995 4838 1024 4890 et
1036 4836 1195 4908 posteritati
1215 4856 1273 4894 succ
1290 4843 1348 4896 tam
1363 4843 1486 4902 firmiter
1499 4853 1528 4903 et
1542 4852 1648 4925 absquc
1662 4857 1719 4913 ulta

51 4924 863 5004 primumprofecta,insubstantiarerasit,autcertcveri
914 4926 1719 5001 unquamcontradictioneautreclamatiunctransfcrrit

51 5015 162 5092 mquid
175 5016 317 5086 quantum
332 5013 370 5068 ad
384 5013 575 5067 substantiam
590 5011 747 5079 contineat,
759 5013 811 5067 etsi
827 5014 863 5069 ad
913 5014 945 5068 ld
960 5014 1087 5085 profecto
1113 5016 1262 5071 moraliter
1284 5016 1458 5090 impossibile
1473 5041 1533 5079 esse
1556 5044 1642 5085 nenio
1658 5049 1717 5090 non

52 5101 864 5174 mnonpaucaadjunctafalsaeomodo,quemsupra
913 5101 1032 5156 videt.»
1061 5103 1085 5155 Α
1115 5103 1215 5175 primis
1241 5110 1318 5161 certo
1342 5107 1545 5181 Carthasianis,
1572 5115 1602 5170 id
1626 5124 1718 5188 cst,a

53 5193 183 5270 exposui,
209 5191 347 5264 temporis
378 5192 460 5263 lapsu
488 5191 667 5247 accesserint.
696 5192 732 5246 Ut
760 5192 864 5247 clarius
915 5189 944 5246 S.
959 5191 1098 5246 Bruuonis
1113 5191 1194 5246 sociis
1215 5194 1354 5250 horumce
1369 5196 1511 5269 discipulis
1534 5203 1655 5263 feralem
1682 5210 1717 5266 de

52 5284 165 5358 loquar,
188 5279 252 5335 sseri
264 5283 359 5351 potest
371 5283 412 5346 ut,
428 5283 560 5334 sanctum
572 5283 701 5334 nostrum
717 5280 863 5352 prodigio,
916 5278 1054 5334 damnato
1076 5281 1283 5350 narrationem,
1308 5284 1330 5338 si
1356 5285 1454 5341 fabula
1476 5290 1522 5358 sit,
1550 5310 1610 5349 non
1635 5297 1718 5355 fuisse

56 5391 108 5447 quo
120 5372 288 5437 defunctus,
304 5369 335 5423 in
352 5369 459 5424 feretro
471 5369 534 5439 jam
553 5368 671 5440 positus,
694 5369 788 5441 primo
805 5386 865 5424 sose
917 5369 1585 5450 adoptatamatqueadposterostransmissam,
1600 5386 1718 5459 quisque

56 5463 234 5526 accusatum,
260 5457 365 5512 deinde
374 5457 536 5528 judicatum
549 5457 714 5512 actoridem
729 5458 866 5512 condem·
917 5456 1000 5511 facile
1013 5463 1149 5529 agnoscet
1162 5478 1169 5528 ;
1187 5476 1297 5529 rerum,
1313 5461 1423 5534 inquiet
1437 5483 1496 5522 non
1509 5487 1608 5540 nemu,
1619 5475 1720 5546 quidni

59 5553 171 5616 uatum,
187 5546 348 5602 astantibus
364 5545 544 5612 declarasset,
562 5545 591 5599 in
608 5562 739 5601 eremum
754 5547 868 5617 pulsum
919 5546 1028 5604 lactum
1041 5563 1101 5604 csse
1118 5553 1215 5622 queat,
1230 5553 1261 5606 ut
1278 5552 1443 5624 posterioris
1457 5559 1510 5615 aevi
1531 5558 1722 5639 carthusiani,
