3772 5976
80 302 135 362 eet

593 304 771 362 exaestuo
791 306 824 360 ιιι
845 304 1009 360 usatites.
1028 338 1061 345 -
1077 305 1164 360 psat
1182 299 1247 359 xvii

1689 301 1740 360 698

79 446 106 482 es
122 430 253 499 fortitudo
270 432 389 484 mearet
403 428 434 484 in
447 445 495 485 me
505 432 533 484 ει
543 429 571 483 ιιι
584 430 733 496 membris,
743 431 771 484 id
782 432 825 484 εει
839 435 927 500 perA
939 429 1065 483 cundum
1092 429 1273 490 inferiorem
1282 431 1425 495 naturam,
1450 430 1606 484 secundum
1624 445 1740 484 carnem

80 533 168 588 quem
177 535 231 589 ego
248 521 277 572 et
291 518 348 573 mei
357 519 447 574 fortes
458 536 564 573 sumus
575 519 733 589 Elexponit
742 517 888 590 quomodo

81 606 118 660 sit
132 606 271 661 fortitudo
286 624 337 660 sua
351 610 492 677 quantum
510 608 584 661 inse
605 624 611 661 :
631 607 739 661 iaciens
757 610 871 676 apostro

81 694 160 764 pltea
174 694 211 748 ad
228 695 361 748 membra
376 699 406 748 ut
419 696 461 748 eis
477 695 566 750 fidem
586 698 615 749 et
630 712 710 766 spem
726 693 889 749 salvationis

80 783 180 849 afidat,
190 782 227 836 sic
239 800 246 838 :
260 784 366 838 Verum
376 784 450 849 dice,
462 785 619 851 auditores,
632 801 699 839 eum
708 784 888 839 esselortitu·

81 871 180 926 dinem
192 888 288 926 meam
305 872 383 942 :ipse
403 873 481 927 enim
505 877 546 928 εει
568 875 766 942 firnrumentrun
790 890 888 934 metior,

80 959 110 1015 id
120 963 163 1014 est
178 960 381 1016 fulcimentum
398 978 433 1016 ne
449 963 578 1018 excidam
589 981 605 1018 a
615 964 766 1018 sanctitate
777 979 842 1017 mea
856 978 891 1016 :a

80 1047 887 1120 similitudinedomusquaecotumnistutciturnerorruat.

79 1135 269 1207 Etresnpium
287 1155 385 1204 merua,
411 1138 439 1193 id
466 1143 509 1194 est
534 1141 679 1206 securitas,
701 1157 738 1195 ne
762 1143 890 1194 metuam

81 1223 211 1278 hostium
223 1224 370 1280 incursum
384 1227 841 1292 :asimilitudinemunitesturris,
854 1229 890 1283 ad

83 1328 172 1383 quam
189 1314 331 1383 persecuti
345 1315 516 1385 confugiunt
530 1320 562 1370 ut
580 1316 671 1371 securi
686 1317 752 1371 sint.
773 1316 811 1370 Et
831 1316 891 1370 lite

83 1406 159 1453 rotor
169 1417 254 1465 cneus,
271 1418 308 1455 ne
321 1402 357 1456 ab
373 1402 497 1456 inimicis
511 1404 689 1476 incorporer.
705 1407 738 1459 Et
752 1405 812 1476 ipsc
832 1405 889 1459 exi·

83 1492 161 1542 ειειιε
172 1490 255 1556 Deus,
266 1489 294 1544 id
306 1493 349 1544 est
359 1496 472 1546 creator
492 1510 573 1548 meus
590 1494 746 1549 secundum
760 1511 889 1556 carnem,

84 1579 128 1630 εει
137 1577 247 1646 adjutor
257 1596 338 1644 rueres,
350 1579 378 1633 id
386 1583 428 1633 est
439 1584 610 1651 cooperator
619 1583 698 1638 boni.
707 1581 791 1645 Quasi
800 1583 889 1636 dicat:

83 1664 162 1719 Sicut
171 1668 273 1735 potens
284 1667 338 1720 luit
353 1668 389 1722 ad
403 1671 575 1734 creandum,
586 1671 625 1724 ita
635 1688 750 1743 quoque
761 1672 797 1726 ad
808 1672 889 1742 adju-

940 517 1045 570 scilicet
1072 517 1274 588 contingentes
1291 518 1549 584 :circumdederunt
1569 519 1599 572 id
1624 521 1666 573 est
1687 518 1740 572 cir·

940 605 1118 659 cumdabunt
1134 622 1181 659 me
1196 623 1201 659 :
1219 609 1248 659 et
1263 608 1316 660 lroc
1333 606 1397 661 ideo
1411 606 1478 677 quia
1490 610 1742 677 praeoccupaverint

939 712 990 759 erre,
1003 695 1031 749 id
1051 698 1093 748 est
1112 700 1319 767 precesserunt
1334 697 1362 750 in
1379 714 1420 750 me
1431 696 1519 767 loqrrei
1538 697 1649 750 mortis:
1663 711 1741 749 mor·

940 784 1043 847 talitas,
1057 785 1163 839 scilicet
1182 787 1210 838 ει
1232 785 1411 855 passibilitas,
1431 803 1495 856 quae
1514 788 1580 839 sunt
1599 784 1698 855 laquei,
1713 783 1743 837 id

940 876 982 925 est
995 890 1087 927 causac
1101 874 1240 944 quibusin
1260 877 1386 928 mortem
1399 874 1508 928 trahar.
1525 875 1573 928 Vel
1585 873 1642 927 sic:
1656 874 1689 926 Et
1703 871 1743 925 ita

940 966 1278 1033 praeoccupaveruntme,
1295 963 1323 1018 id
1337 967 1380 1018 est
1388 966 1542 1034 prevalere
1559 981 1588 1018 se
1602 962 1745 1034 putabunt

940 1051 969 1104 in
988 1069 1034 1106 me
1048 1052 1141 1123 laquei
1154 1052 1266 1118 mortis,
1282 1052 1312 1105 id
1327 1057 1369 1106 εει
1382 1053 1482 1117 ludaei,
1499 1053 1547 1124 qui
1563 1069 1647 1106 causa
1670 1066 1743 1105 meae

941 1139 1043 1194 mortis
1053 1143 1139 1195 erunt
1150 1157 1155 1193 :
1168 1140 1230 1195 dico
1242 1140 1309 1211 quia
1322 1140 1435 1196 dolores
1444 1141 1673 1195 circumdabunt.
1684 1141 1742 1210 Ego

941 1231 1041 1282 autem
1051 1230 1078 1281 in
1095 1229 1265 1282 tribulatione
1277 1245 1345 1286 meo.
1356 1229 1435 1283 idest
1445 1229 1473 1283 in
1488 1229 1674 1283 tribulatione
1683 1244 1741 1282 non

941 1315 1038 1382 invite,
1055 1316 1104 1370 scd
1122 1321 1224 1388 sponte
1244 1334 1309 1371 mea
1331 1319 1472 1387 suscepta,
1500 1319 1630 1380 inrorant,
1652 1316 1742 1369 idest

941 1404 1079 1460 invocabo
1090 1405 1236 1458 Dominum
1251 1406 1425 1475 adjutorem.
1442 1407 1476 1459 Et
1492 1406 1546 1459 hoc
1569 1405 1639 1458 illud
1664 1403 1741 1457 idem

941 1494 1075 1563 estquod
1100 1493 1228 1563 superius
1244 1494 1313 1547 dixit
1330 1511 1336 1547 :
1354 1494 1480 1547 [credens
1504 1495 1630 1548 incocobo
1647 1492 1742 1545 Domi-

941 1598 1016 1634 num.
1029 1582 1084 1634 Sed
1103 1581 1167 1635 ideo
1183 1583 1298 1651 repetit,
1315 1585 1347 1635 ut
1365 1582 1403 1636 sic
1424 1582 1600 1637 determinet
1620 1582 1744 1652 qualiter

941 1669 1095 1736 invocabit,
1113 1673 1141 1723 et
1158 1671 1298 1740 adjungat
1313 1688 1343 1724 se
1357 1671 1569 1726 exaxxdicndum
1581 1687 1641 1724 εεεε
1659 1686 1665 1722 :
1680 1668 1743 1722 dico

82 1754 851 1830 vandumthuiafirmamentumetrelugiummeum
862 1761 891 1813 ει
906 1748 1080 1812 Binvocabo
1095 1775 1101 1810 :
1115 1761 1210 1812 etnon
1225 1759 1317 1812 fallaci
1335 1759 1525 1824 invocatione,
1542 1759 1591 1813 sed
1607 1758 1643 1811 od
1657 1758 1744 1811 Deum

82 1841 888 1918 liberatorotadjutormeusest,.vperoboresurrectionem
941 1833 1033 1899 mecon
1049 1847 1174 1910 clarnooi,
1196 1847 1224 1900 id
1251 1850 1293 1901 est
1314 1849 1440 1901 elamore
1462 1847 1576 1900 intenso
1595 1862 1690 1915 agam.
1710 1845 1744 1898 Et

83 1931 111 1982 in
126 1945 186 1982 euro
203 1930 382 1997 transiturus,
400 1932 429 1986 id
444 1937 487 1986 εει
502 1935 531 1988 ιιι
551 1935 768 2006 passibilitatem
784 1937 812 1988 et
827 1936 888 2005 glo·
940 1934 1017 1989 bono
1033 1951 1099 1988 meo
1110 1935 1238 1989 clamabo
1251 1952 1256 1988 :
1271 1953 1338 1990 nam
1356 1936 1500 1999 erorrdicil,
1514 1935 1542 1988 id
1556 1937 1599 1988 est
1613 1933 1745 1988 exaudiet

82 2017 157 2072 riam
177 2018 238 2088 ejus
260 2020 418 2074 secundum
440 2022 517 2092 quod
542 2025 631 2078 homo
650 2041 724 2078 sum.
742 2024 824 2087 Quod
847 2027 890 2077 εει
939 2040 1025 2075 εοιιιε
1042 2040 1126 2074 enema
1150 2023 1183 2075 Et
1196 2023 1250 2076 hoc
1264 2023 1646 2093 procedetdcternplosoneto
1659 2021 1743 2090 ejus:

83 2105 198 2160 dicere:
215 2107 350 2178 Haecque.
361 2110 491 2180 praedixi,
504 2112 583 2182 quasi
593 2112 757 2166 arrhamibi
767 2115 843 2176 suut,
859 2114 888 2164 et
939 2109 974 2163 de
985 2126 1031 2163 me
1042 2109 1149 2163 scilieet
1159 2110 1275 2180 quicum
1293 2111 1433 2181 templum
1452 2109 1607 2163 divinitatis
1618 2109 1679 2178 ejus
1693 2125 1699 2162 ε
1714 2109 1745 2160 de

82 2193 188 2264 pignus
203 2197 382 2266 resurgendi,
397 2201 426 2252 et
440 2198 467 2251 iu
486 2215 551 2253 cum
569 2200 746 2254 transeundi.
762 2200 811 2253 Vel
828 2199 885 2252 sic:
938 2198 1080 2251 causative
1099 2198 1224 2267 ponitur.
1244 2199 1325 2262 Quod
1346 2202 1389 2253 εει
1405 2199 1520 2252 dicere:
1536 2199 1606 2268 Ego,
1619 2196 1667 2267 qui
1683 2212 1745 2249 sum

82 2281 211 2351 Sperabo
224 2285 465 2340 resurrectionem
477 2287 505 2340 in
518 2303 584 2342 eum
596 2288 767 2359 respiciens:
779 2287 888 2341 utsicut
937 2289 1069 2340 sanctum
1080 2289 1223 2357 templum
1236 2287 1307 2356 ejus,
1316 2303 1402 2340 causa
1413 2303 1476 2340 sum
1492 2302 1581 2357 quare
1595 2283 1741 2338 exaudiar.

84 2370 303 2424 firmamentum
313 2377 355 2426 εει
368 2376 397 2425 ει
411 2374 566 2445 refugium,
577 2380 604 2429 el
617 2377 755 2430 liberator
770 2378 798 2429 ct
809 2375 888 2443 adju·
938 2376 972 2428 Et
984 2374 1191 2445 quiasuperius
1207 2375 1316 2429 dixerat
1333 2392 1339 2428 ι
1356 2376 1391 2428 od
1405 2374 1491 2428 Ηεεει
1510 2391 1598 2427 meum
1610 2374 1725 2426 clomooi
1738 2389 1746 2423 :

84 2461 141 2524 tor,
154 2459 193 2512 ita
204 2459 331 2513 siletiam
340 2460 412 2514 milri
424 2463 604 2518 resurrectio.
625 2464 660 2517 Et
678 2464 745 2533 quia
760 2464 886 2534 interpo·
939 2467 970 2516 ut
985 2463 1097 2533 singula
1109 2463 1229 2534 singulis
1243 2464 1354 2529 reddat,
1373 2462 1453 2517 addit
1468 2480 1474 2516 :
1491 2462 1529 2515 Et
1552 2463 1653 2517 clamor
1673 2476 1746 2514 meus

83 2550 189 2613 suerat,
205 2549 313 2616 sperabo
338 2551 365 2601 in
386 2567 456 2612 ειιηι,
472 2551 668 2623 aequipollenti
688 2568 756 2606 voce
773 2552 888 2624 repetit,
940 2553 968 2605 in
985 2558 1120 2621 conpectu
1132 2553 1188 2622 ejus
1196 2551 1334 2617 lactus,id
1345 2554 1387 2605 εει
1396 2551 1426 2605 ιιι
1439 2549 1659 2622 beneplacentia
1675 2552 1746 2621 ejus,

84 2634 167 2706 quod
178 2635 307 2704 superius
319 2637 413 2705 posuit
429 2639 544 2709 adjutor
557 2656 648 2706 meus,
669 2645 699 2693 ιιι
724 2640 812 2694 addat
826 2641 863 2694 sic
881 2657 887 2693 :
941 2641 1062 2692 introivit
1072 2640 1100 2691 in
1112 2656 1190 2694 ιιιινεε
1205 2640 1272 2709 ejrn,
1283 2639 1312 2692 id
1330 2643 1373 2693 εει
1387 2639 1501 2693 auditus
1516 2638 1571 2691 erit
1588 2638 1625 2692 ab
1643 2653 1687 2691 eo.
1703 2635 1748 2690 Ad

85 2723 148 2792 lpse
167 2726 209 2776 cst
224 2730 360 2793 protector
373 2743 455 2791 enecas,
471 2743 508 2780 ne
524 2727 631 2781 inimici
649 2728 778 2782 arrintam
794 2745 889 2782 meam
941 2727 1104 2781 humanum
1116 2728 1236 2782 modum
1246 2727 1413 2781 dictumest.
1422 2728 1469 2780 Vel
1484 2725 1611 2779 introivit
1622 2725 1650 2778 in
1665 2739 1747 2778 aures

84 2814 238 2867 vulnerent
253 2814 467 2886 incorporando
484 2817 719 2871 :asimilitudine
733 2817 891 2871 defensoris
941 2815 1049 2884 ejus,id
1068 2819 1109 2868 est
1121 2817 1267 2886 susceptus
1281 2813 1336 2867 erit
1346 2814 1381 2867 ab
1393 2814 1507 2867 auribus
1520 2813 1590 2882 ejus,
1605 2812 1712 2866 scilicet
1730 2826 1747 2865 a

84 2902 443 2974 clypeumopponenlisne
448 2905 544 2972 jacula
560 2906 737 2960 transeuntia
751 2906 889 2963 εειιειειιι.
942 2902 1288 2975 potentiamisericordim
1297 2903 1367 2972 ejus.
1377 2902 1424 2955 Vel
1435 2901 1564 2971 superius
1573 2902 1743 2972 exponatur,

85 2989 119 3042 Et
133 3006 191 3044 nou
209 2992 301 3045 solum
318 2996 475 3062 protector,
488 2994 537 3048 sed
548 2993 610 3065 ipse
621 2994 716 3064 opilea
725 2994 818 3046 rulntiv
828 3011 891 3048 mea
904 3029 928 3087 C
942 2991 978 3044 ad
991 2992 1082 3045 iteum
1094 3007 1192 3044 meum
1200 2990 1324 3044 clamavi
1340 2990 1389 3055 sic,
1401 2990 1526 3043 clamore
1539 2989 1632 3042 cordis
1649 3003 1746 3058 agam,

10 3086 12 3089 ·
84 3093 121 3130 ne
138 3077 326 3147 incorporer:
346 3083 388 3134 est
403 3099 485 3134 cornu
499 3099 609 3146 meum,
624 3083 652 3135 id
667 3083 890 3153 estexpugnatio
942 3077 1481 3149 itaexponeturtlltclamormeusin
1504 3079 1658 3153 conspectu
1686 3075 1748 3145 ejus

84 3181 162 3232 mea,
180 3165 252 3218 sicut
275 3182 384 3221 cornua
405 3173 472 3222 sunl
496 3172 684 3224 cornutorum
704 3171 888 3241 expugnatio.
941 3166 1065 3231 habitae,
1082 3167 1110 3222 id
1125 3170 1168 3220 εει
1179 3166 1207 3220 in
1223 3166 1311 3219 corde
1325 3166 1404 3237 quod
1425 3165 1484 3236 ipse
1507 3165 1582 3218 solus
1597 3163 1746 3234 conspicit,

83 3253 891 3323 PcrquemscilicetJudmoruminsidiatriressententias
941 3255 1071 3309 introivit
1087 3254 1209 3308 inaures
1229 3253 1299 3324 ejus.
1319 3253 1561 3308 Tribulationibus
1578 3251 1645 3317 suis,
1657 3254 1686 3304 ει
1696 3249 1747 3304 tri-

83 3340 315 3410 etoppositiones
324 3360 458 3414 expugno
471 3361 477 3398 :
491 3345 597 3399 sicutin
609 3345 888 3417 Evangeliolegitur:
941 3342 1122 3397 bulationum
1138 3342 1271 3395 evasione
1288 3345 1412 3408 ostense,
1429 3339 1558 3410 praedicit
1572 3340 1659 3394 etiam
1670 3354 1749 3392 com·

83 3447 97 3478 a
116 3428 327 3484 Erubescebant
343 3448 445 3485 omnes
464 3433 619 3487 adversarii
650 3434 710 3503 ejus
730 3433 808 3502 (Luc.
831 3450 889 3490 xur.
941 3431 1029 3485 moda
1051 3430 1118 3484 inde
1135 3434 1276 3494 secutura,
1290 3430 1329 3484 sic
1343 3447 1349 3484 :
1365 3429 1437 3494 Quia
1455 3429 1675 3484 circumdabunt
1699 3443 1747 3481 me

85 3518 142 3579 tr).
157 3535 173 3565 »
191 3515 222 3567 Et
239 3517 304 3571 alibi
326 3535 362 3571 t«
382 3519 443 3573 Non
475 3524 517 3574 εει
539 3538 622 3575 ausus
644 3521 796 3592 quisquam
824 3537 889 3574 eum
940 3515 1745 3585 doloreselinvocabollominum,ctexaudituseripiar.

83 3604 208 3674 amplius
223 3603 402 3677 interrogare
420 3607 532 3666 (Motllr.
554 3625 602 3673 ιιι,
619 3608 672 3677 tc).
688 3631 700 3654 n
714 3609 747 3661 Et
761 3614 892 3677 srrrccptor
940 3607 1196 3661 Perhoccommotn
1211 3614 1257 3672 est,
1272 3607 1301 3661 id
1321 3610 1364 3660 εει
1378 3606 1607 3660 commovebitur
1621 3612 1692 3657 terre
1711 3603 1747 3657 ad

87 3709 161 3744 nictu·
176 3692 289 3746 iuturus
309 3698 361 3758 est,
390 3696 584 3751 resuscitando
603 3713 649 3751 me
666 3712 672 3749 :
690 3700 721 3749 ιιι
745 3696 792 3766 qui
816 3712 892 3748 nuuc
941 3694 1039 3757 iidem,
1053 3694 1081 3747 id
1093 3699 1135 3748 est
1150 3695 1188 3748 illi
1200 3695 1249 3765 qui
1260 3711 1335 3748 nunc
1347 3692 1745 3755 solistcrrenisintcniisunt3

85 3779 216 3834 mortalis
238 3781 337 3846 existo,
360 3783 445 3836 faciat
467 3784 664 3839 immortalem
681 3801 687 3837 :
705 3782 891 3838 similitudine
942 3781 1058 3853 etprius
1073 3789 1240 3848 contrement,
1256 3782 1284 3836 id
1299 3785 1342 3835 est
1357 3783 1520 3835 contremet
1535 3781 1570 3833 dc
1590 3780 1665 3832 male
1678 3777 1748 3831 actis

85 3867 155 3920 boni
170 3867 285 3935 medici,
300 3870 349 3939 qui
365 3869 513 3924 infirmum
535 3872 651 3941 suscipit
662 3874 692 3925 ut
707 3888 772 3926 eum
789 3888 892 3925 sanum
942 3869 1008 3923 suis.
1033 3870 1066 3922 Et
1086 3886 1144 3923 non
1172 3870 1355 3924 solummodo
1385 3867 1526 3938 ignobiles
1548 3865 1665 3930 terreni,
1697 3865 1748 3919 sed

86 3953 183 4018 iaciat,
200 3957 228 4007 ει
245 3957 362 4027 exponit
378 3959 524 4028 quomodo
541 3960 576 4013 ad
600 3960 653 4013 lroc
676 3963 706 4012 ut
724 3958 894 4029 suscipiatur
943 3958 1030 4013 oliam
1042 3959 1218 4027 fundamento
1232 3960 1373 4023 montium,
1389 3957 1418 4011 id
1433 3960 1476 4010 εει
1490 3955 1681 4010 sustentacula
1695 3953 1748 4007 mi-

87 4045 246 4115 perveniet.
270 4044 303 4096 Et
321 4044 386 4100 idco
409 4047 463 4099 erit
482 4049 628 4116 susceptor
648 4064 654 4101 :
672 4048 739 4119 quia
768 4048 893 4101 invocabo
944 4061 1059 4111 uorum,
1081 4046 1188 4100 scilicet
1208 4045 1384 4117 principum,
1408 4046 1513 4100 ducum
1534 4047 1563 4097 ει
1581 4042 1720 4097 comitum
1737 4058 1745 4107 ς

87 4131 236 4186 Dominum
264 4132 475 4200 auxiliatorem,
508 4135 620 4187 teredone
645 4152 711 4188 eum
741 4135 893 4190 allectione
943 4132 1493 4187 conturbatisuntbouaconturbatione
1503 4131 1537 4185 de
1548 4129 1746 4202 peccatissuis,

88 4219 165 4273 bona
180 4221 209 4273 et
228 4220 408 4289 operatione.
432 4223 465 4275 Et
486 4223 524 4275 sic
547 4223 635 4276 solitus
656 4241 699 4277 ero
717 4224 752 4277 ab
771 4223 894 4276 inimicis
943 4221 971 4275 id
985 4224 1028 4274 eat
1043 4221 1301 4275 conturbabuntur.
1311 4222 1344 4275 Et
1358 4221 1396 4274 sic
1413 4225 1543 4274 commoto
1559 4225 1631 4283 erint,
1652 4218 1681 4271 id
1705 4218 1747 4270 εει

87 4307 285 4376 exemptus,id
301 4311 343 4361 est
357 4308 500 4380 suscipiat.
511 4310 785 4381 Quaereretaliquis:
800 4311 893 4374 Quare
905 4306 931 4364 D
943 4310 1202 4364 commovebuntur
1224 4311 1260 4363 ad
1279 4310 1376 4363 fidem.
1400 4311 1433 4362 Et
1453 4310 1508 4364 hoe
1530 4307 1594 4361 ideo
1620 4308 1747 4377 quoniam

86 4393 142 4447 hoc
157 4393 246 4447 dicis?
262 4395 335 4458 Ouid
350 4397 401 4450 tibi
422 4397 552 4452 inierunt
570 4398 699 4452 inimici?
713 4399 869 4469 Respondit
884 4416 890 4452 :

87 4482 142 4535 Per
158 4481 234 4554 ipsos
248 4483 382 4538 inimicos
397 4484 658 4551 circumdederunt,
675 4485 704 4539 id
719 4488 761 4539 εει
773 4486 893 4539 circum-

86 4556 467 4641 vallabuntltssrnedoidres
478 4575 580 4634 mortis,
598 4573 685 4627 idest
709 4574 746 4626 ad
767 4577 891 4627 mortem

87 4673 134 4711 me
151 4658 336 4713 deducentes.
348 4661 382 4713 Et
396 4659 449 4729 ipsi
464 4661 579 4714 dolores
598 4661 751 4715 existentes
766 4666 893 4714 torrenter

86 4747 247 4816 iniqnitatis,
264 4748 352 4802 idest
368 4748 424 4802 cito
441 4749 598 4803 transitorii
609 4753 637 4802 et
658 4748 806 4803 immodici
820 4748 892 4812 sicut

86 4836 241 4901 torrentes,
258 4835 294 4888 ab
310 4835 460 4905 iniquitate
476 4853 577 4890 eorum
593 4853 651 4890 non
666 4836 805 4890 emeritis
820 4837 892 4890 meis

84 4921 277 4992 prodeuntes:
291 4925 531 4985 contracteverunt,
540 4925 891 4980 idestconturbabuntmc

85 5011 245 5064 secundum
256 5027 373 5065 carnem
385 5015 430 5066 :ut
442 5013 471 5066 in
488 5013 639 5083 Evangelio
648 5030 655 5067 :
664 5032 679 5064 a
688 5012 778 5082 Coepit
787 5029 891 5082 pavere

85 5098 392 5171 cttrederelMcr.x1v.
411 5100 466 5163 33).
484 5121 498 5148 n
515 5102 549 5154 Et
564 5101 638 5155 bene
652 5102 734 5171 ponit
754 5109 889 5155 torrenter.

84 5185 276 5258 Cumimpetu
287 5205 412 5260 namque
426 5189 539 5243 dolores
553 5188 591 5242 illi
600 5189 636 5242 ad
646 5190 765 5244 modum
778 5194 890 5243 torren-

84 5274 158 5328 tium
175 5275 368 5329 allluxerunt:
385 5275 558 5330 utcitissime
574 5276 661 5329 vitam
673 5280 888 5348 extorquerent.

123 5362 890 5434 thuiadixcratdoloreamortio,xreputarenlnrseeun-

85 5449 315 5522 dumutramque
327 5456 460 5505 naturam
472 5451 640 5521 contigisse:
650 5453 888 5522 repetitutinter·

84 5537 221 5606 ponendo
238 5539 412 5592 determinet
426 5540 474 5593 sic.
486 5539 596 5593 Ilolorcr
609 5541 719 5608 inferni,
741 5541 768 5593 id
782 5545 824 5593 est
844 5558 886 5594 εε-

943 4400 1027 4450 ironn·
1042 4404 1082 4452 est
1093 4401 1138 4464 eis,
1153 4397 1182 4452 id
1198 4401 1240 4452 εει
1255 4400 1430 4468 cognoscent
1445 4395 1600 4450 Dominum
1613 4393 1690 4447 eisin
1701 4396 1745 4447 l'u·

943 4489 1007 4539 turo
1021 4485 1200 4540 irasciturum
1228 4485 1280 4539 nisi
1307 4484 1480 4556 resipuerint
1510 4500 1516 4535 :
1540 4484 1569 4536 ct
1592 4485 1744 4552 postquam

942 4575 1213 4636 commovebuntur,
1234 4573 1369 4627 ascendet
1387 4574 1480 4643 firmus
1500 4573 1528 4626 in
1548 4573 1588 4624 iro
1610 4570 1676 4638 ejus.
1698 4569 1746 4622 Vel

942 4662 983 4716 ita
997 4661 1191 4716 contimxatur.
1209 4661 1277 4714 Dico
1294 4661 1372 4732 quod
1389 4665 1466 4715 terra
1489 4660 1659 4714 contremet.
1679 4655 1746 4727 quia

942 4750 1068 4813 accendit,
1082 4750 1110 4803 id
1122 4751 1311 4804 esiascendet
1325 4751 1354 4803 in
1372 4749 1439 4819 ipsis
1455 4747 1577 4802 terrenis
1597 4746 1703 4810 sumus,
1718 4743 1746 4798 id

942 4840 985 4892 εει
998 4839 1158 4908 lacrymosa
1174 4837 1351 4907 deprecati0,
1365 4854 1429 4907 quae
1451 4838 1548 4891 oculos
1573 4835 1608 4888 ad
1625 4831 1745 4887 modum

941 4927 1012 4980 turni
1027 4925 1193 4996 provocabit
1203 4926 1240 4980 ad
1252 4928 1352 4980 llelum
1369 4927 1398 4977 ει
1412 4925 1465 4978 boe
1481 4925 1511 4977 in
1528 4925 1569 4976 ira
1582 4922 1653 4993 ejus,
1665 4918 1746 4974 idest

941 5013 969 5068 in
984 5013 1150 5085 cognitione
1159 5014 1208 5067 irre
1217 5013 1515 5083 ejuslulurre.Ethene
1526 5006 1743 5081 ponitorcendit:

941 5101 1021 5172 quasi
1036 5100 1162 5154 diceret:
1181 5102 1209 5152 ln
1234 5101 1274 5154 eis
1298 5100 1352 5153 crit
1374 5099 1469 5152 tumus
1491 5098 1540 5169 qui
1560 5097 1694 5151 ascendet
1707 5093 1743 5149 ad

941 5189 1043 5252 licum,
1057 5188 1086 5241 id
1101 5191 1143 5241 est
1158 5188 1210 5257 ipsi
1231 5187 1363 5258 placebit.
1381 5188 1413 5239 Et
1437 5190 1496 5256 post
1520 5186 1643 5251 sumum,
1674 5185 1743 5250 ipnie

940 5278 1048 5343 errrrsit,
1064 5277 1090 5330 id
1107 5279 1146 5329 εει
1165 5276 1364 5346 ardordivium
1378 5273 1540 5328 dilectionis
1557 5274 1743 5326 vehementer

941 5365 968 5419 in
985 5365 1026 5419 cis
1036 5369 1143 5420 crescet
1158 5381 1163 5416 :
1181 5367 1207 5417 el
1225 5364 1278 5418 hoc
1292 5383 1307 5417 o
1317 5365 1388 5431 socie
1402 5365 1469 5432 ejus,
1488 5362 1516 5415 id
1537 5364 1579 5414 εει
1601 5377 1617 5413 a
1641 5359 1741 5429 cogni-

939 5453 1018 5506 tione
1029 5454 1089 5521 ejus
1111 5452 1298 5505 ascendendo
1310 5451 1389 5504 enim
1406 5451 1443 5504 ad
1460 5450 1614 5505 [lominum
1635 5450 1664 5499 et
1678 5446 1741 5500 illu-

940 5534 1742 5609 minaturigriorantia,etcorrolxoraturinssx·rnitas:data
