3772 5970
179 307 232 384 tlt
483 310 513 382 S.
527 317 701 384 oauaovts
716 314 1033 383 clarausvtttoatm
1051 316 1287 384 thTthl‘lolitS
1308 317 1385 383 OPP.
1405 310 1537 382 PARS.1
1791 304 1843 380 tid

180 443 327 509 exsultabo
340 444 497 509 manifeste
511 454 542 509 et
557 448 731 523 confitebor,
750 450 820 526 quia
842 445 1187 526 epulabor‚Alessionem
1202 448 1341 522 Hermon,
1352 445 1382 509 id
1395 451 1439 509 est
1451 443 1700 509 anathematizans
1722 448 1841 525 peccato

180 553 240 596 non
255 538 284 595 in
300 540 421 596 terrenis
433 540 533 614 epulis,
551 541 601 597 sed
618 541 646 596 in
667 546 776 598 aeterna
790 542 981 610 beatitudine,
1033 558 1109 598 mea.
1127 543 1160 597 Et
1180 542 1348 615 procedeta
1367 545 1457 598 monte
1475 539 1587 604 modica,
1608 538 1638 596 id
1662 542 1707 596 est
1722 539 1759 596 de
1771 554 1840 597 me:

181 644 245 703 quae
269 629 341 685 mihi
367 630 421 685 erit
448 631 576 704 epulum.
607 631 687 686 Unde
714 631 783 687 alibi
809 631 983 686 Psalmisto:
1033 632 1100 703 quia
1112 631 1204 687 iecisti
1218 648 1264 687 me
1279 634 1422 698 montem,
1435 630 1464 686 id
1481 633 1523 685 est
1534 630 1562 685 in
1579 630 1736 686 virtutibus
1751 630 1839 686 excel·

183 739 197 769 ι(
212 718 282 773 Justi
295 720 447 790 epuleutur
464 719 494 774 in
513 719 613 774 latitia
628 719 715 790 (Psal.
733 736 824 786 cxxvi,
840 720 878 791 4).
900 740 913 769 n
935 719 985 774 So·
1033 736 1108 786 sum,
1121 720 1290 776 admodum
1305 719 1423 775 montis.
1435 721 1468 775 Et
1478 719 1626 775 modicum
1641 721 1755 784 ιειιιειι,
1765 717 1840 774 idest

183 825 237 863 uus
251 807 339 863 etiam
355 807 420 879 quia
435 808 508 863 sicut
520 811 549 862 et
563 825 615 863 vor
634 826 680 863 ros
697 809 850 863 manifesta
865 811 918 875 est,
931 825 984 879 pro
1033 809 1186 876 humilem,
1202 826 1261 863 non
1279 809 1313 863 dc
1326 808 1478 863 virtutibus
1490 807 1722 881 superbientem,
1737 807 1839 863 decta

183 896 416 952 manifestatione
431 896 564 952 similiter
577 897 705 970 ponitur.
718 898 767 954 Vel
781 897 820 952 sic
838 915 844 952 :
860 897 986 952 Fuerunt
1035 898 1178 954 causative
1192 899 1239 953 bic
1255 901 1413 970 ponuntur.
1431 897 1513 962 Quod
1528 900 1570 952 est
1580 913 1613 952 ac
1624 896 1646 951 si
1660 895 1760 952 dicat:
1777 897 1840 955 ldea

182 985 254 1041 mibi
267 985 413 1041 continue.
1035 988 1077 1042 tui
1092 1003 1208 1042 memor
1222 1003 1282 1053 ero,
1297 988 1365 1059 quia
1379 1002 1427 1041 mc
1440 985 1532 1041 iecisti
1547 989 1657 1041 terram
1671 984 1842 1042 Jordanisot

219 1076 252 1129 Et
264 1074 402 1146 exponit:
426 1073 494 1130 Dico
513 1075 630 1146 quando
653 1076 769 1132 veniam
789 1078 856 1132 ante
881 1075 986 1131 taciem
1035 1075 1247 1143 Hermoniiurn,
1263 1078 1292 1130 et
1303 1078 1435 1130 montem
1448 1073 1605 1129 modicum.
1622 1074 1657 1128 Et
1671 1074 1768 1129 adhuc
1783 1090 1840 1129 me·

182 1163 243 1220 Ilei.
257 1164 291 1218 Et
303 1167 381 1219 certa
395 1180 458 1218 sum
472 1163 538 1235 quia
551 1164 676 1220 veniam.
686 1167 813 1221 Fuerunt
824 1165 902 1221 enim
915 1163 986 1219 mihi
1036 1180 1102 1218 mor
1116 1180 1166 1218 ero
1185 1163 1236 1230 tui,
1254 1166 1374 1235 propter
1388 1163 1531 1234 abyssum,
1548 1162 1577 1217 id
1600 1166 1645 1218 est
1660 1162 1841 1235 profundita-

181 1253 318 1324 lacrymae
332 1268 406 1307 meae
420 1251 467 1307 die
480 1269 513 1307 ac
526 1257 621 1320 noete,
633 1253 663 1309 id
674 1257 717 1309 est
729 1254 847 1326 jugiter.
857 1253 938 1318 Quod
945 1255 988 1308 est
1035 1255 1095 1307 tem
1110 1268 1217 1318 meam,
1233 1250 1262 1307 id
1277 1244 1321 1307 εει
1343 1254 1463 1322 propter
1482 1249 1704 1306 multitudinem
1729 1251 1842 1307 tribula·

183 1340 278 1397 dicere
292 1357 299 1395 ε
313 1340 440 1395 Miserias
455 1356 506 1412 pro
523 1357 557 1395 eo
566 1341 676 1413 jugiter
691 1342 811 1397 sustinui
824 1343 909 1397 :dum
920 1341 986 1396 dici·
1035 1341 1149 1396 tionum
1165 1355 1308 1396 mearum.
1321 1341 1355 1394 Et
1369 1340 1424 1395 boe
1448 1342 1529 1394 extra
1552 1339 1661 1394 librum
1682 1341 1839 1412 suppletur.

180 1430 228 1484 tur
241 1428 313 1484 mihi
323 1428 462 1500 quotidie.
475 1428 527 1484 Ubi
540 1432 582 1483 est
593 1431 667 1494 Deus
680 1430 762 1485 tuus?
772 1430 985 1502 Lacrymaedico
1071 1430 1186 1484 Diceret
1202 1428 1326 1500 aliquis:
1342 1428 1435 1493 Quare
1445 1430 1565 1501 propter
1577 1427 1716 1501 abyssum
1731 1444 1841 1484 memor

183 1516 542 1588 existentespanesauimae
551 1520 682 1573 mecedo
693 1519 715 1573 si
730 1519 826 1575 dicat:
842 1521 866 1573 Α
884 1519 986 1591 quibus
1036 1517 1111 1572 eris?
1123 1517 1297 1588 Respondet.
1313 1516 1515 1587 Abyssasenim
1525 1516 1596 1584 lraec,
1605 1515 1634 1571 id
1642 1519 1686 1572 est
1697 1517 1840 1587 profundi·

181 1606 281 1664 anima
291 1606 418 1661 relicitur
431 1608 460 1660 ot
473 1607 662 1674 confortatur,
678 1608 748 1663 dum
763 1608 923 1665 asordibus
934 1625 986 1681 per
1035 1609 1079 1662 tas
1090 1606 1308 1661 tribulationum
1318 1608 1432 1675 eiecerat,
1452 1587 1536 1676 135
1542 1603 1571 1659 id
1580 1607 1623 1660 est
1631 1605 1659 1660 in
1668 1608 1770 1660 monte
1777 1621 1839 1661 mea

182 1712 230 1750 eas
245 1693 375 1768 expiatur
389 1712 396 1749 :
408 1694 461 1750 etsi
473 1711 540 1750 caro
555 1695 623 1750 inde
643 1697 795 1754 crucietur.
808 1698 842 1753 Et
857 1697 985 1770 quamvis
1034 1700 1117 1750 vocat
1127 1710 1179 1766 per
1188 1694 1450 1751 considerationem
1462 1693 1840 1767 abaesamidestprofundi·

181 1783 252 1841 mibi
263 1784 398 1854 lacryma
411 1787 506 1838 essent
518 1783 563 1839 die
578 1789 834 1852 acnocte‚tantum
847 1787 909 1842 baec
920 1803 984 1859 qua
996 1778 1021 1837 B
1033 1786 1124 1839 tatem
1136 1783 1331 1840 damnationis
1346 1783 1460 1851 luturae,
1473 1798 1537 1854 qua
1553 1786 1665 1838 aeterna
1680 1784 1746 1838 erit.
1758 1782 1837 1848 Quod

29 1919 34 1929 .
80 1941 84 1947 ¹
181 1889 235 1944 ego
247 1871 352 1940 dicam,
364 1873 601 1929 recordatussum
611 1872 660 1945 qui
674 1875 985 1947 aliquandopertribu-
1034 1876 1077 1929 est
1090 1871 1288 1927 dicerertlum
1304 1871 1387 1926 video
1398 1871 1563 1926 mebicate
1576 1871 1709 1943 permitti
1719 1871 1836 1927 tribula·

180 1960 303 2019 lationes
313 1960 418 2017 oblitus
431 1960 555 2027 fueram,
564 1960 671 2016 scilicet
680 1963 819 2034 quoniam
832 1980 885 2036 per
894 1965 984 2036 lacry·
1034 1960 1403 2033 tionibusallligi,quiaper
1413 1962 1531 2031 peccata
1539 1963 1566 2014 tc
1574 1959 1712 2015 oblivioni
1721 1959 1836 2028 tradidi,

180 2064 243 2104 mas
252 2049 379 2104 transibo
387 2065 477 2122 usque
486 2049 522 2104 ad
533 2049 654 2105 domum
664 2051 724 2119 Dei,
738 2052 861 2107 existens
875 2052 904 2108 in
915 2068 984 2109 voce
1033 2050 1185 2105 considero
1199 2050 1277 2122 quod
1293 2048 1406 2119 gravius
1420 2048 1449 2103 in
1459 2048 1556 2102 tuturo
1563 2048 1739 2117 damnabor,
1750 2048 1774 2103 si
1779 2065 1838 2121 per-

180 2137 387 2204 exsultationis,
407 2154 472 2209 quae
486 2153 540 2193 vox
559 2139 614 2193 erit
628 2156 715 2194 sonus
734 2157 815 2195 meus
830 2141 981 2211 epulantis.
1033 2142 1198 2194 severanter
1212 2137 1350 2193 oblivioni
1363 2141 1391 2191 te
1407 2136 1564 2205 tradidero,
1586 2140 1614 2191 et
1637 2137 1679 2191 sic
1698 2152 1752 2208 per
1767 2137 1838 2210 ipsas

184 2227 243 2298 Ego
257 2225 320 2282 dico
335 2225 452 2298 quijam
466 2226 583 2281 transivi
599 2227 629 2282 in
642 2230 738 2283 locum
751 2229 984 2285 tabernaculiad·
1033 2227 1234 2282 tribulationes
1249 2229 1290 2282 tui
1305 2241 1419 2280 memor
1433 2242 1483 2281 ero
1498 2243 1504 2280 :
1521 2225 1636 2283 Invocat
1646 2225 1717 2281 dicit
1733 2243 1752 2281 a
1762 2225 1837 2281 simi·

180 2313 330 2373 mirabilis.
342 2314 376 2370 at
383 2313 451 2386 quia
461 2314 589 2370 transibo
598 2316 635 2371 ad
646 2316 815 2384 domum,et
821 2317 884 2388 jam
893 2320 984 2373 trans·
1033 2316 1156 2371 titudine
1166 2315 1296 2386 alicujus,
1313 2315 1363 2387 qui
1379 2314 1505 2386 aliquem
1521 2315 1734 2387 separatumab
1744 2314 1837 2388 aliquo

179 2403 216 2460 ivi
245 2404 276 2460 in
303 2403 398 2459 locum
427 2403 614 2471 tabernaculi,
630 2405 717 2460 effudi
739 2405 768 2460 in
793 2422 840 2461 me
852 2407 983 2463 animam
1033 2408 1126 2473 vocat,
1144 2409 1175 2460 ut
1189 2405 1229 2459 illi
1246 2420 1372 2476 prasens
1386 2419 1438 2475 per
1453 2403 1636 2459 vocationem
1660 2420 1745 2459 suam
1766 2403 1837 2460 data

180 2507 288 2551 meam.
300 2493 375 2563 Ergo
387 2491 512 2564 quiaper
524 2492 723 2548 tribulationes
734 2495 862 2550 transibo
874 2512 881 2550 ι
894 2495 984 2563 Quare
1032 2493 1153 2557 Irenacat,
1172 2494 1259 2549 idest
1274 2493 1304 2547 in
1321 2498 1419 2548 mente
1434 2495 1526 2548 vocat.
1541 2493 1575 2546 Et
1601 2494 1708 2547 invocat
1731 2493 1765 2548 ia
1783 2508 1838 2548 aare

179 2582 263 2639 tratis
271 2597 307 2649 er,
320 2582 411 2635 anima
431 2597 500 2647 mea,
522 2579 552 2635 in
567 2581 801 2638 tribulationibus
815 2583 829 2638 ‘l
847 2583 885 2640 Et
901 2601 984 2656 quare
1032 2588 1229 2639 cataractarum
1248 2588 1368 2645 tauram,
1390 2581 1417 2636 id
1434 2581 1519 2636 estin
1536 2583 1637 2653 aperta
1653 2581 1837 2638 attestatione

177 2668 318 2726 conturbas
324 2685 376 2736 me,
384 2666 414 2722 id
424 2670 467 2723 est
475 2667 573 2723 reddis
583 2685 630 2724 me
642 2670 789 2726 turbatam
803 2686 857 2743 pro
867 2672 983 2730 tristitia
1032 2673 1240 2744 prophatarum
1250 2669 1429 2743 tuorum,qui
1438 2670 1532 2725 testati
1541 2673 1607 2725 sunt
1615 2670 1754 2742 abyssum
1763 2671 1837 2727 illam

180 2758 255 2814 tua?
272 2758 329 2813 lloc
345 2760 442 2812 autem
456 2772 490 2811 ex
502 2755 655 2814 affectione
671 2759 762 2815 nimia
777 2761 860 2832 ponit
871 2763 923 2817 sub
937 2763 981 2818 in·
1031 2761 1169 2816 futuram.
1187 2762 1227 2815 dc
1243 2759 1377 2815 sidicat:
1395 2761 1449 2814 Per
1461 2759 1517 2815 boc
1541 2761 1659 2822 invocat,
1676 2759 1748 2831 quia
1766 2759 1837 2816 videt

177 2846 376 2919 terrogatione
387 2861 394 2902 :
407 2844 492 2910 Quasi
513 2846 622 2903 diceret
633 2866 640 2904 :
650 2851 753 2905 Desino
766 2851 853 2907 tristis
867 2869 937 2921 esse,
954 2857 983 2909 ει
1031 2849 1188 2921 propbetas
1198 2849 1259 2903 baec
1271 2852 1391 2904 testatos
1402 2864 1472 2904 esse.
1489 2848 1547 2903 Vox
1570 2863 1650 2915 vero,
1668 2847 1744 2904 sicut
1758 2864 1835 2920 sope-

177 2936 349 2994 conturbare
360 2934 463 2991 mela
471 2952 557 3007 spera,
567 2936 595 2992 id
610 2941 654 2993 est
663 2954 745 3010 spem
764 2955 841 3011 pone
857 2944 885 2996 ιη
899 2942 956 2997 Deo
972 2959 981 2997 ε
1032 2936 1100 3005 rius,
1111 2935 1698 3008 promanifestationeponitur.Cataractae
1706 2936 1836 2993 dicuntur

179 3028 307 3100 quoniam
321 3024 407 3079 addae
421 3023 551 3079 futurum
573 3027 616 3080 est
632 3029 710 3098 quod
725 3028 868 3097 confitebor
888 3031 937 3097 illi,
953 3029 982 3084 id
994 3060 1018 3121 C
1032 3026 1193 3097 propbeta,
1205 3042 1239 3081 eo
1253 3025 1330 3097 quod
1341 3041 1448 3097 pereas
1459 3024 1660 3080 inhumanum
1666 3041 1762 3098 genus
1769 3041 1836 3099 aqua

178 3117 222 3172 est
231 3113 354 3170 laudabo
368 3113 451 3168 illum
465 3112 592 3186 perlecta
602 3114 735 3181 laude,in
745 3116 901 3172 beatudine
912 3134 981 3172 con·
1033 3114 1171 3170 docuinam
1182 3113 1348 3181 descendit;
1367 3112 1439 3167 sicut
1450 3129 1503 3185 per
1512 3115 1766 3186 cataractasaquae
1780 3116 1835 3187 plu·

179 3203 288 3259 stituta.
304 3203 353 3256 Vol
368 3201 417 3255 sic.
436 3200 579 3266 Quoniam
591 3202 684 3257 adbuc
697 3205 940 3278 sperandousque
953 3206 981 3261 in
1032 3203 1144 3257 viarum
1161 3202 1190 3256 in
1207 3206 1316 3257 terram
1333 3202 1474 3257 detluuut.
1493 3201 1652 3257 Cataractae
1660 3202 1836 3276 namquedi-

179 3291 268 3347 linem
281 3289 356 3356 vitae,
372 3288 532 3344 conlltebor
546 3288 595 3344 illi.
604 3293 642 3344 Ac
655 3289 759 3346 sidicat
774 3309 780 3346 :
793 3292 936 3357 Quoniam
959 3294 983 3349 si
1033 3296 1137 3347 cuntur
1151 3291 1267 3362 proprie
1293 3290 1343 3345 vire
1367 3307 1419 3363 per
1438 3306 1509 3362 quas
1533 3307 1614 3362 aqum
1631 3290 1797 3362 pluviarum
1810 3291 1834 3346 in

179 3381 396 3452 perseveranter
421 3392 583 3447 speravero,
604 3378 727 3433 laudabo
748 3396 814 3435 eum
844 3383 982 3453 perlecta,
1032 3383 1142 3436 terram
1155 3380 1296 3435 delluunt.
1314 3379 1396 3434 Unde
1411 3378 1440 3433 in
1460 3378 1561 3434 Genesi
1572 3377 1681 3449 legitur
1704 3395 1746 3434 :a
1761 3380 1834 3436 cou-

178 3468 263 3524 aliter
278 3482 344 3521 vero
357 3481 416 3520 non
429 3466 592 3521 confiterer.
602 3467 635 3521 Et
645 3470 870 3539 sperandumest
885 3472 957 3528 ineo
974 3488 985 3528 τ
1032 3473 1119 3524 raatve
1135 3469 1197 3524 caeli
1214 3471 1322 3539 apertae
1335 3470 1402 3522 sunt
1415 3465 1496 3537 (Gen.
1511 3483 1559 3534 vn,
1580 3467 1636 3534 ll).
1655 3488 1670 3516 »ι

179 3554 320 3622 Quoniam
326 3555 455 3622 satutare,
466 3553 496 3609 id
504 3557 546 3610 est
559 3556 692 3624 salvator,
703 3561 745 3612 est
759 3561 812 3614 mei
821 3560 913 3617 cattas
928 3562 984 3616 exi·
1069 3558 1182 3614 Diceret
1192 3557 1294 3628 aliquis
1307 3573 1313 3610 :
1327 3557 1411 3610 Estne
1420 3555 1572 3626 abyssusiu
1584 3552 1835 3628 tetltespoudetur

184 3648 273 3712 siens,
289 3643 319 3698 id
334 3646 377 3698 est
392 3659 465 3698 meae
478 3642 683 3713 similitudinis,
695 3645 801 3702 scilicet
814 3648 985 3705 bomosicut
1034 3664 1051 3703 a
1066 3647 1206 3712 Patribus,
1219 3643 1380 3699 itazomnia
1391 3643 1469 3698 enim
1479 3643 1578 3697 excetra
1593 3647 1653 3711 tua,
1663 3643 1694 3699 id
1709 3647 1766 3712 est,
1781 3659 1835 3699 ma·

180 3753 246 3809 ego.
258 3736 382 3808 ideoque
396 3734 453 3790 mei
465 3734 648 3792 miserebitur
658 3737 707 3808 qui
722 3739 853 3810 ejusdem
873 3744 984 3797 natura
1035 3751 1099 3807 gnae
1115 3734 1324 3801 tribulationes,
1340 3731 1554 3803 adispositione
1564 3731 1712 3788 tuaillatae
1725 3750 1733 3802 ;
1744 3741 1771 3789 et
1780 3734 1837 3805 dito

181 3841 256 3880 sum.
271 3823 311 3879 Et
322 3823 394 3879 Deru
405 3840 476 3878 maus
490 3827 543 3890 est,
559 3824 588 3878 id
601 3828 643 3879 est
655 3825 775 3882 Creator
784 3844 877 3884 meus.
887 3830 986 3886 vultus
1036 3830 1077 3878 tas
1089 3825 1138 3889 tui,
1155 3822 1185 3877 id
1198 3826 1240 3877 est
1253 3821 1383 3877 minores
1396 3819 1609 3887 tribulationes,
1627 3819 1836 3885 transierant,id

182 3930 234 3988 pro
246 3911 433 3969 similitudine
444 3911 833 3984 poniturquoniaminvullu
842 3918 985 3990 praecipue
1036 3915 1079 3966 est
1091 3914 1232 3967 venerunt
1245 3910 1317 3965 sicut
1329 3909 1581 3980 transitessbwptr
1592 3925 1645 3976 me,
1653 3912 1686 3964 ui
1700 3911 1837 3985 opprime

182 4003 255 4060 solet
269 4001 423 4056 bominum
436 3999 593 4055 similitudo
606 4001 747 4058 denotari.
758 4004 837 4072 Dico,
847 4022 863 4060 o
873 4006 985 4062 audito·
1036 4004 1102 4055 rent
1115 4017 1172 4055 me.
1188 4001 1258 4056 Cum
1275 3999 1344 4054 dicit
1356 4000 1532 4061 transierunt,
1543 3998 1641 4052 innuit
1656 4001 1740 4070 quod
1754 4000 1837 4056 sicre-

180 4105 237 4158 rcs,
251 4104 340 4161 quare
361 4087 450 4142 tristis
467 4091 511 4143 est
536 4088 662 4144 animal
684 4091 717 4144 Ει
735 4093 802 4164 quia
827 4093 915 4148 tristis
933 4098 985 4161 est,
1038 4093 1145 4144 nerunt
1160 4092 1190 4143 ut
1203 4088 1370 4156 transirent,
1385 4090 1416 4141 ut
1429 4087 1553 4140 instruat
1568 4102 1617 4140 eas
1641 4103 1705 4142 non
1728 4105 1788 4144 esse
1805 4087 1837 4143 ti·

182 4176 337 4233 coatardata
349 4181 386 4233 ast
397 4175 600 4247 indignatione
611 4178 705 4232 anima
718 4197 776 4234 maa
791 4181 827 4235 ad
846 4185 984 4254 aneriacum,
1039 4176 1170 4244 mendas,
1192 4193 1258 4231 cum
1277 4175 1335 4230 sint
1357 4174 1537 4230 transitoriae.
1570 4172 1687 4230 Fluctus
1712 4176 1838 4233 dicuntur

183 4265 213 4322 id
227 4269 270 4322 est
283 4264 434 4336 indignata
447 4268 491 4318 est
506 4265 605 4320 anima
624 4282 691 4321 mea
709 4268 862 4324 adversum
879 4276 986 4326 semet·
1039 4266 1249 4330 tribulationes,
1267 4281 1301 4320 eo
1327 4263 1404 4336 quod
1432 4263 1602 4335 opprimunt
1625 4279 1761 4335 εειιιειιι,
1775 4266 1839 4321 sicut

184 4354 277 4428 ipsam
290 4352 372 4426 :quia
381 4352 459 4407 uode
469 4369 526 4408 non
541 4354 674 4424 oportuit
684 4355 801 4424 tristari,
819 4357 854 4413 de
871 4359 989 4415 tribula-
1000 4344 1027 4403 D
1040 4356 1142 4411 lluctus
1157 4354 1326 4427 opprimunt
1338 4368 1441 4408 navem
1469 4351 1536 4416 Quae
1548 4353 1660 4407 excelsa
1673 4358 1705 4408 ει
1714 4355 1838 4428 quosllu·

186 4442 314 4499 tionibus
328 4440 445 4508 scilicet,
462 4440 549 4495 tristis
564 4441 639 4496 faeta
653 4445 704 4498 est.
718 4445 748 4499 ln
766 4445 820 4501 boc
835 4451 932 4501 autom
949 4448 991 4502 in·
1040 4449 1100 4499 etus
1111 4445 1194 4500 nobis
1206 4445 1233 4496 in
1247 4443 1298 4502 dte,
1315 4442 1345 4497 id
1359 4445 1401 4495 est
1415 4440 1445 4494 iu
1461 4441 1665 4511 prosperitate,
1682 4442 1839 4500 constitutis

186 4529 623 4601 nuit‚quiasimiliteradversum
631 4532 834 4604 nosiodiguari
842 4535 989 4592 debemus:
1040 4533 1179 4588 rraaiadaoit
1191 4533 1333 4592 Dominus,
1348 4545 1400 4602 per
1421 4528 1577 4599 scripturas
1593 4528 1765 4599 doctorum,
1784 4546 1839 4587 esse

188 4621 212 4674 si
225 4618 381 4689 eontigerit
396 4618 551 4690 aliquando
565 4636 617 4690 pro
634 4621 817 4677 tribulatione
828 4624 952 4692 tristitia,
964 4629 993 4681 et
1043 4621 1247 4676 miscricordiam
1260 4637 1347 4685 eriora,
1363 4619 1448 4672 idest
1470 4633 1522 4688 ρει
1542 4616 1779 4675 miscricordiam
1796 4618 1841 4676 bei

187 4707 227 4763 sic
240 4724 257 4762 a
274 4706 389 4762 tristitia
400 4707 545 4761 recedere.
560 4707 621 4761 Dixi
632 4711 710 4780 quod
720 4711 847 4767 transibo
857 4731 944 4786 usquc
955 4713 993 4770 ud
1043 4711 1126 4766 nubis
1135 4709 1246 4776 inferri,
1255 4713 1295 4772 ut,
1303 4723 1408 4779 percas
1415 4705 1540 4778 purgati,
1550 4720 1610 4760 non
1622 4705 1651 4760 in
1660 4706 1762 4764 futuro
1769 4708 1841 4763 dam·

188 4795 309 4852 domum
328 4795 378 4849 Dei
405 4795 438 4848 Et
449 4800 587 4866 propterca
604 4798 721 4868 quiade
740 4799 794 4854 boc
818 4804 897 4855 certa
915 4818 990 4869 sum,
1043 4816 1157 4865 nemur‚
1166 4799 1248 4870 juxta
1260 4795 1330 4851 illud
1341 4793 1490 4865 Augustini
1503 4811 1513 4848 ε.
1530 4816 1543 4842 a
1555 4792 1783 4852 Misericorditer
1795 4796 1841 4853 ad·

189 4902 289 4940 intensor
301 4901 345 4938 era
361 4885 402 4937 tat
415 4883 452 4937 ad
467 4887 495 4938 ιε
511 4900 626 4955 εειιιρεε
646 4885 776 4941 tondens.
803 4888 865 4942 Non
884 4890 991 4946 amodo
1040 4882 1841 4958 bibettemporalomsevaritatem,nejusteiuterataeter·

189 4972 325 5030 oblivioni
339 4977 367 5027 te
386 4973 513 5028 tradens.
538 4973 606 5036 Qum
633 4975 777 5030 memoria
797 4977 946 5049 continget
960 4979 992 5033 (ιε
1042 4994 1110 5033 nain
1125 4978 1302 5032 ultionem.»
1320 4976 1395 5028 Βειιε
1412 4972 1481 5027 dicit
1496 4971 1614 5044 quidem
1627 4974 1655 5026 ia
1667 4973 1724 5042 die,
1735 4974 1840 5030 idestin

188 5069 260 5119 terra
274 5061 404 5116 «laritanis
419 5077 426 5115 :
439 5061 474 5116 dc
490 5078 537 5116 mo
554 5062 670 5129 scilicet,
688 5065 754 5136 quia
764 5064 839 5120 facta
854 5083 918 5120 sum
932 5084 948 5120 a
963 5072 990 5123 ιε
1041 5067 1242 5140 prosperitate,
1262 5062 1409 5127 rnandaoit,
1427 5060 1494 5132 quia
1517 5064 1584 5114 tunc
1602 5059 1739 5119 fidelibus
1753 5063 1840 5118 studio

188 5154 266 5207 terra
280 5149 423 5217 terdenis,
439 5149 469 5204 id
488 5154 532 5204 est
547 5154 623 5205 terra
638 5151 748 5223 irrigua
775 5157 804 5206 et
826 5154 927 5209 fertilis
940 5171 992 5224 per
1042 5157 1255 5227 scripturarum
1271 5168 1371 5206 racaro
1390 5151 1465 5217 liccl,
1486 5164 1552 5203 cum
1572 5165 1589 5202 a
1608 5149 1840 5207 tribulationibus

186 5240 353 5305 tardonem,
371 5238 469 5304 idest,
486 5255 538 5309 per
550 5239 704 5312 baptisma,
730 5258 793 5312 qum
808 5241 887 5313 prius
910 5259 991 5299 eram
1041 5245 1200 5316 quiescunt.
1215 5243 1253 5296 Et
1270 5239 1416 5296 mandavit
1426 5255 1478 5310 per
1494 5236 1611 5292 easdem
1628 5237 1802 5313 Scripturas,
1815 5240 1839 5294 in

188 5333 266 5384 terra
277 5326 379 5381 sterilis
386 5326 516 5396 abapere
526 5327 603 5383 bono
613 5345 665 5401 per
677 5333 860 5401 peccatorum
876 5332 991 5388 aridita-
1041 5339 1123 5398 tracta,
1140 5331 1169 5385 id
1182 5334 1223 5384 cst
1238 5330 1266 5384 in
1279 5327 1447 5383 adversitate
1460 5325 1626 5380 babendum
1639 5330 1840 5384 asseranticam

189 5418 257 5471 tom.
275 5414 416 5478 lordonis,
428 5415 496 5485 quia
509 5415 538 5469 in
559 5433 592 5472 eo
607 5418 746 5471 Daruiuus
764 5418 921 5489 baptizalus
936 5425 988 5489 εει,
1040 5420 1142 5492 ερίιε,ιιι
1153 5422 1195 5474 εει
1203 5415 1451 5491 jncunditatomin
1461 5413 1591 5484 oo,juxta
1602 5413 1675 5470 illud
1682 5416 1838 5490 Evangelii:

188 5520 240 5572 pro
251 5501 393 5572 baptismo
404 5502 521 5574 ponitur
534 5520 541 5558 ι
553 5503 591 5558 Et
600 5505 800 5560 illameruoria
809 5504 945 5578 procedet
954 5509 989 5564 do
1039 5529 1055 5562 <r
1068 5510 1195 5566 Gaudete
1213 5511 1242 5563 ει
1257 5508 1394 5562 ειειιιιειε
1405 5521 1472 5560 ευιῐι
1487 5518 1537 5557 ros
1559 5502 1679 5558 oderint
1699 5505 1837 5569 homiues,

189 5591 369 5659 Harmoniae,
377 5589 407 5645 id
422 5592 475 5660 est,
491 5591 527 5647 de
540 5608 599 5663 me,
616 5594 683 5670 quia
697 5595 772 5653 tacta
783 5613 846 5654 sum
861 5614 989 5673 percon·
1038 5602 1069 5656 et
1083 5595 1319 5674 exprobraverint
1331 5608 1392 5663 vos,
1406 5596 1436 5649 ει
1449 5589 1588 5666 ejecerint
1594 5605 1707 5650 nomeu
1719 5596 1838 5653 rostrum
