3772 5976
116 295 184 358 nos
570 296 748 365 areosmo
767 300 801 364 ru
820 295 987 365 assinos,
1001 337 1035 348 -
1050 300 1146 365 essa.
1168 289 1310 365 sanum
1699 305 1769 372 iios
1807 397 1812 404 ι

112 423 264 492 potentem
275 421 567 495 etincomparabilem
584 427 746 497 ostendere,
759 428 958 493 enarrandoA
973 443 1048 482 ram.
1065 427 1197 494 Eosdem,
1207 427 1314 482 scilieet
1323 426 1422 484 lldeles
1434 443 1505 499 quos
1518 446 1604 484 serien
1620 435 1696 485 tunm
1712 448 1772 486 esse

113 509 531 583 beneficiamisericordiaetici,
543 532 595 589 per
606 518 809 573 cumbumano
820 518 921 589 generi
973 515 1040 582 dixi,
1054 515 1189 583 edificabo
1206 518 1237 570 ut
1249 515 1329 586 digni
1352 514 1408 569 sint
1425 515 1453 569 in
1483 517 1584 586 quibus
1611 519 1719 586 sedeas,
1744 522 1773 572 et

113 598 339 670 conterendallt
350 602 404 657 troc
416 604 503 658 etiam
518 605 687 660 auctoritate
699 609 923 677 paternacorro-
971 619 1043 674 quos
1059 620 1172 675 semper
1180 621 1271 674 regas.
1285 603 1390 657 Anima
1401 602 1641 673 cuimjustisedes
1654 609 1696 660 est
1708 605 1770 662 oei.

112 684 207 752 borat,
221 704 308 757 quem
318 689 485 760 loquentem
496 691 616 760 inducit,
628 693 803 748 etbcncficia
813 710 874 765 quoe
886 693 921 748 sit
1007 692 1161 762 Postquam
1174 692 1261 747 verba
1276 689 1367 745 Patris
1380 691 1634 760 breviterinduxit‚
1644 695 1771 765 Prophe·

114 771 143 825 in
159 772 270 829 Christo
287 780 318 830 et
338 794 390 848 per
405 779 549 834 Christum
563 781 591 834 in
608 781 726 836 ccclesia
740 785 919 853 operaturus,
971 781 1001 833 ta
1015 779 1045 832 in
1065 795 1190 849 persona
1215 795 1265 832 sua
1281 795 1380 850 agens,
1406 781 1611 851 apostropham
1628 781 1664 834 ad
1680 782 1770 837 silium

113 860 487 930 promittentem-Ostendit
501 852 598 939 353
614 868 701 923 etiam
717 870 764 923 hic
777 870 919 942 Propheta
970 865 1770 940 lacitexaffectiouenimiasic.ODominefili,quan·
1868 879 1872 884 '

113 964 172 1003 non
181 949 405 1023 intelligendum
413 971 473 1009 osse
485 956 644 1026 passiones,
655 974 719 1028 quae
730 957 758 1011 in
769 957 878 1012 Christo
891 961 920 1011 et
970 952 1124 1024 doquidcm
1138 971 1188 1024 per
1201 954 1433 1009 temisericordia
1446 954 1634 1010 edificabitur
1644 955 1673 1010 in
1683 956 1769 1010 coelis:

113 1034 143 1090 in
160 1038 283 1093 Ecclesia
300 1044 398 1108 erunt,
421 1042 532 1097 suturas
544 1044 580 1098 ad
594 1045 854 1116 consumptionem,
869 1045 919 1099 sed
969 1039 1021 1110 ipsi
1037 1043 1295 1110 calicorrlitelantnr
1307 1042 1444 1097 mirabilia
1456 1049 1512 1109 tua,
1525 1042 1553 1097 id
1564 1044 1770 1099 osteumlaudc

112 1123 151 1178 ad
162 1128 333 1181 eorumdem
348 1129 476 1184 fidelium
485 1131 735 1203 expurgationem.
748 1132 816 1187 Orat
831 1132 918 1186 etiam
969 1131 1196 1197 pronuntiabunt
1212 1132 1287 1184 mira
1301 1131 1441 1185 beneficia
1452 1135 1512 1193 tua,
1529 1132 1657 1186 humano
1668 1132 1767 1202 generi

113 1215 207 1284 etpro
223 1214 285 1285 ipso
299 1217 395 1287 capite
411 1223 501 1289 cipro
517 1220 669 1285 membris,
683 1223 714 1274 ut
728 1220 836 1274 bonnm
850 1219 917 1274 alle-
968 1217 1072 1272 collata
1087 1235 1093 1272 :
1111 1222 1140 1272 et
1168 1218 1295 1290 exponit,
1315 1218 1342 1272 in
1358 1222 1458 1291 parte;
1483 1235 1547 1272 vere
1563 1218 1768 1290 confitebantur.

113 1301 242 1356 ctionem
256 1321 338 1359 suam
353 1321 440 1376 quam
461 1323 612 1378 argaeum
627 1308 714 1361 hahet
729 1308 873 1373 ostendat,
890 1311 919 1362 et
967 1303 1075 1359 Etenim
1092 1309 1119 1359 in
1135 1306 1254 1360 Ecclesia
1270 1315 1433 1373 sanctornm,
1445 1306 1474 1361 id
1487 1310 1530 1361 est
1544 1307 1769 1377 congregatione

113 1392 245 1460 exemplo
259 1408 310 1446 suo
327 1394 436 1448 bonam
452 1394 481 1448 in
504 1395 587 1450 honis
611 1394 794 1449 allectionem
813 1396 916 1467 pariat.
967 1393 1108 1460 fidelium,
1121 1394 1319 1462 confitebuntur
1334 1397 1472 1448 ueritatem
1488 1401 1573 1461 tuane,
1586 1393 1615 1447 id
1628 1398 1670 1449 cst
1680 1395 1768 1449 bene·

151 1475 349 1534 Misericordiae
367 1481 489 1550 Domini,
508 1482 591 1537 idest
605 1482 745 1538 beneficia
759 1482 919 1539 misericor·
967 1480 1032 1535 ficia
1056 1498 1118 1553 quae
1141 1481 1299 1552 complebit
1324 1482 1428 1537 veritas
1439 1485 1500 1550 tua,
1517 1484 1560 1536 vel
1576 1482 1614 1536 sic
1628 1499 1634 1536 :
1650 1480 1768 1551 Confite-

114 1564 170 1620 dia
183 1566 297 1621 Domini
303 1569 404 1637 Patris,
417 1587 480 1641 quoe
494 1571 730 1642 humanogeneri
741 1572 880 1639 conferet,
890 1574 918 1626 in
968 1567 1069 1622 dantur
1083 1570 1220 1622 ueritatem
1247 1575 1323 1623 taam
1350 1572 1378 1622 in
1398 1568 1505 1624 ecctrsia
1526 1576 1676 1623 sanctornm
1689 1586 1769 1625 com·

113 1660 243 1709 aeternnm
255 1657 404 1723 duratura,
421 1659 543 1726 cantabo,
558 1659 587 1714 id
602 1662 646 1714 est
659 1675 725 1714 cum
738 1659 918 1730 jocunditate
967 1657 1104 1727 piendam
1121 1674 1128 1724 ;
1147 1660 1175 1711 et
1189 1657 1294 1712 merito
1308 1658 1516 1726 confitebuntur,
1528 1673 1594 1711 cum
1610 1656 1646 1711 sit
1673 1657 1712 1711 eis
1726 1657 1769 1710 di·
1851 1650 1854 1656 ’

113 1743 254 1799 tractabo.
274 1742 347 1808 Quia
366 1762 432 1801 vero
450 1750 545 1819 posset
573 1746 708 1818 intelligi,
725 1748 802 1818 quod
813 1748 842 1802 in
859 1749 919 1804 sala
931 1746 956 1805 B
968 1744 1053 1816 gnior
1068 1749 1097 1799 et
1110 1746 1270 1801 sublimior.
1289 1744 1424 1812 (lisaniam
1438 1749 1496 1817 quis
1510 1748 1537 1799 ia
1551 1745 1672 1812 nubibas,
1689 1745 1770 1801 idest

109 1832 213 1886 monte
226 1835 365 1900 cantaret,
373 1834 558 1901 determinat,
568 1836 774 1906 apostropham
781 1836 918 1907 adipsam
968 1834 1043 1888 iuter
1055 1834 1221 1905 ipsoscoelos
1235 1834 1295 1906 (qui
1308 1836 1398 1891 nubes
1407 1835 1549 1901 dicontur,
1560 1850 1593 1889 eo
1606 1833 1684 1905 quod
1696 1833 1766 1888 alios

114 1917 260 1986 iaciendo,
271 1936 337 1974 cum
348 1921 490 1992 adjungit,
500 1923 780 1979 scilicetananntiabo
790 1924 916 1995 seriptis,
968 1922 1136 1993 compluent
1158 1922 1300 1987 doctrina)
1321 1923 1470 1994 aqrtabitnr
1494 1921 1611 1978 Domino
1633 1921 1769 1976 Christo?

113 2014 138 2061 et
153 2007 183 2060 in
197 2012 366 2077 generatione
380 2011 432 2065 hac
457 2011 603 2081 praesenti,
618 2015 647 2066 et
663 2015 792 2083 usquein
806 2028 916 2082 periera-
967 2008 1074 2063 Nullus.
1092 2008 1129 2062 Et
1142 2011 1203 2080 qais
1215 2010 1245 2065 in
1270 2011 1330 2064 iliis
1345 2010 1406 2078 Dei,
1424 2011 1452 2065 id
1468 2012 1510 2064 est
1525 2009 1588 2081 quis
1603 2009 1679 2063 inter
1693 2009 1769 2079 ipsas

113 2094 213 2148 tionem
226 2096 370 2164 ultimam,
384 2097 414 2152 id
424 2098 721 2171 estsempcrqunndiu
731 2099 855 2152 mundus
865 2098 916 2153 du·
967 2095 1070 2162 nubes,
1085 2112 1149 2166 quas
1165 2096 1215 2151 filii
1228 2097 1278 2153 Dei
1289 2099 1374 2152 erunt
1388 2089 1483 2153 s'insilis
1507 2099 1557 2150 erit
1571 2095 1688 2150 Domino
1700 2096 1769 2151 Filio
1862 2127 1869 2136 ·

111 2182 200 2245 rabit,
216 2187 352 2239 ueritatem
364 2192 447 2252 taam,
457 2186 486 2242 id
496 2186 686 2242 estbenefieia
699 2185 914 2254 misericordias,
967 2183 997 2236 in
1012 2184 1175 2239 filiatione?
1189 2186 1297 2240 Nullus.
1312 2187 1373 2257 lpse
1388 2202 1514 2256 namque
1531 2185 1605 2239 fitius
1620 2201 1671 2256 per
1686 2188 1769 2240 natu-

112 2285 177 2341 quse
192 2269 258 2325 ideo
274 2274 432 2343 complebis
444 2278 475 2329 ut
488 2292 571 2330 verus
598 2292 737 2348 appareas
749 2276 778 2330 in
795 2274 917 2348 promis·
966 2288 1040 2342 ram,
1056 2272 1095 2326 illi
1110 2290 1175 2328 vero
1192 2289 1244 2343 per
1259 2272 1421 2345 adoptionis
1433 2273 1568 2344 gratiam,
1579 2273 1655 2344 quod
1669 2277 1711 2328 est
1726 2271 1769 2327 di·

115 2357 207 2413 sione.
228 2359 370 2414 Veritatem
381 2362 443 2416 dico
454 2365 746 2435 r'noremeoparatum,
758 2363 789 2418 id
800 2367 915 2434 estquen
967 2375 1031 2413 cere
1050 2376 1056 2414 :
1072 2361 1143 2415 Vcrc
1159 2361 1265 2415 debent
1294 2361 1320 2414 ei
1336 2362 1478 2429 confiteri,
1493 2378 1558 2416 cum
1574 2362 1630 2415 sint
1645 2361 1670 2415 ei
1686 2361 1716 2416 in
1730 2361 1770 2415 di-

112 2462 173 2501 non
189 2448 282 2502 solum
294 2453 391 2503 mente
408 2451 502 2522 cogito
521 2452 564 2506 vel
580 2451 691 2524 seriptis
704 2451 855 2518 annuntio,
866 2450 915 2505 sed
965 2448 1078 2519 gnitate
1097 2448 1248 2503 dissimiles
1273 2453 1302 2503 ct
1312 2448 1478 2520 inaequales.
1494 2449 1676 2521 lnaequalitas
1699 2465 1767 2504 sane

106 2548 147 2586 ex
164 2534 314 2592 allectione
325 2537 472 2593 nimiaore
484 2540 610 2610 protero.
621 2540 771 2594 lnnuendo
780 2540 867 2611 igitur
876 2538 916 2593 sic
966 2536 1071 2590 dicitur
1084 2536 1119 2590 de
1133 2553 1163 2590 ro
1174 2553 1262 2607 quam
1274 2554 1347 2591 unus
1362 2536 1449 2592 habet
1465 2537 1570 2600 minus,
1581 2540 1610 2592 et
1623 2537 1694 2591 alius
1705 2554 1767 2591 ma-

111 2621 446 2691 Prophetaail'cctiouem
458 2642 550 2694 suam,
565 2626 709 2681 auditores
717 2630 841 2681 attentos
854 2628 916 2682 red·
965 2623 1025 2694 gis:
1040 2628 1072 2678 ut
1085 2608 1185 2695 354
1198 2624 1220 2677 si
1235 2624 1355 2696 quilibet
1385 2626 1499 2696 longior
1512 2625 1534 2679 si
1552 2626 1647 2696 aliquo
1667 2625 1766 2693 longo.

115 2708 166 2763 dit.
183 2709 231 2764 Vel
246 2711 285 2765 sic
300 2712 478 2767 Anarentiabo
496 2715 523 2767 in
542 2731 586 2768 ore
596 2731 664 2782 meo,
676 2714 705 2768 id
718 2718 761 2769 est
773 2716 803 2769 in
819 2714 913 2769 olficio
965 2711 1170 2766 Dissimilitudo
1185 2713 1339 2766 renodare
1355 2729 1443 2783 quam
1459 2731 1531 2767 unus
1543 2713 1639 2780 hahet,
1652 2714 1681 2766 et
1695 2713 1768 2766 alter

113 2794 171 2850 oris
183 2797 260 2852 mei:
278 2801 414 2854 ueritatem
430 2807 504 2854 tuam
521 2802 689 2856 duraturam
705 2804 733 2855 in
747 2805 916 2871 generatione
965 2801 1061 2854 caret:
1080 2802 1110 2853 ut
1124 2799 1146 2852 si
1160 2799 1224 2870 quis
1237 2800 1318 2853 albus
1341 2801 1388 2863 sit,
1398 2801 1470 2855 alius
1484 2817 1552 2855 vero
1567 2799 1699 2854 minime.
1716 2799 1766 2854 Os-

113 2889 138 2937 et
152 2888 360 2957 generationem,
372 2887 400 2941 id
414 2891 456 2942 est
471 2890 502 2942 in
514 2874 652 2944 aternum.
669 2888 871 2943 Misericordias
886 2891 915 2943 et
964 2887 1059 2941 tendit
1074 2902 1143 2941 vero
1158 2903 1218 2941 esse
1242 2887 1402 2954 dissimiles,
1420 2905 1487 2942 cum
1512 2887 1581 2942 dicit
1596 2905 1602 2942 :
1624 2888 1695 2940 Vere
1706 2904 1765 2941 sion

110 2973 248 3027 veritatem
263 2991 315 3046 pro
327 2976 535 3031 eodcmhabet.
548 2978 646 3032 Posset
658 2977 747 3050 quaeri
765 2995 771 3033 :
787 2978 840 3032 Ubi
849 2980 916 3032 sunt
965 2978 1007 3028 est
1022 2974 1125 3046 aliquis
1138 2975 1245 3030 similis.
1261 2975 1333 3028 Nam
1345 2975 1400 3030 erit
1411 2971 1483 3031 Deus
1502 2979 1531 3030 ot
1545 2975 1609 3029 talis
1621 2976 1705 3042 Deus,
1721 2976 1768 3045 qni

110 3059 914 3137 misericordioe,quasannuntiabis,nusquamapparent?
962 3061 1132 3133 planificatur
1147 3065 1175 3116 in
1188 3063 1296 3117 consilio
1309 3070 1472 3131 sanctornm,
1486 3064 1516 3119 id
1534 3067 1575 3118 cst
1591 3063 1764 3134 glorificabi-

110 3148 155 3203 Ad
167 3151 243 3220 quod
252 3151 291 3205 sic
305 3153 471 3222 respondet,
485 3154 540 3208 hoc
549 3154 719 3208 auctoritate
728 3154 815 3226 ipsius
824 3155 914 3209 Patris
965 3153 1020 3215 tur,
1033 3153 1061 3204 et
1074 3149 1127 3220 ipsi
1142 3166 1201 3205 non
1214 3153 1285 3207 tales
1297 3152 1347 3219 dii,
1364 3152 1411 3224 qui
1432 3152 1629 3223 glorificentur
1643 3154 1670 3204 ia
1683 3153 1766 3205 eonsi-

110 3237 322 3306 confirmando,
338 3239 388 3295 sic.
406 3241 472 3296 ilico
489 3241 567 3312 quod
585 3243 777 3296 misericordias
790 3242 912 3308 cantabo,
964 3237 1177 3310 tiosaaetornm.
1201 3240 1235 3293 Et
1263 3239 1338 3294 benc
1361 3240 1431 3294 dicit
1458 3256 1518 3294 non
1538 3238 1709 3311 simpliciter
1734 3237 1764 3292 in

112 3324 191 3395 quod
206 3341 223 3379 a
238 3342 285 3381 me
304 3328 422 3399 quidem
439 3345 497 3384 non
517 3329 622 3395 habeo,
637 3330 686 3384 sed
702 3346 720 3384 a
735 3333 774 3398 te,
789 3330 914 3386 Domine
963 3325 1077 3392 sanctis,
1092 3326 1143 3381 sed
1158 3329 1307 3383 incensatio
1319 3335 1521 3395 sanctorum‚ac
1531 3327 1553 3381 si
1565 3327 1658 3382 dicat:
1673 3327 1764 3391 Quem
1841 3377 1851 3393 ,

109 3411 205 3478 Pater,
221 3417 346 3483 quoniam
370 3415 466 3470 desisti
487 3416 559 3470 mibi
584 3417 704 3471 interius
725 3417 913 3487 inspiratione
963 3415 1053 3484 sancti
1070 3418 1099 3468 et
1110 3415 1312 3482 devotione,et
1325 3433 1422 3488 opere,
1439 3419 1467 3470 et
1480 3432 1529 3470 ore
1543 3415 1761 3487 glorificabunt:

110 3500 170 3566 tua,
187 3502 264 3571 quod
278 3504 468 3571 misericordia,
481 3505 508 3559 id
520 3504 744 3559 estbeneficium
753 3505 914 3560 misericor·
964 3506 994 3556 et
1010 3503 1063 3556 boc
1080 3519 1138 3557 non
1163 3503 1337 3571 inconsulte,
1354 3504 1404 3558 sed
1427 3503 1545 3558 consilio
1574 3503 1761 3564 rationabili:

110 3584 165 3640 dise
180 3588 212 3642 in
226 3595 354 3644 aeternum
367 3591 551 3660 duraturum,
562 3593 736 3661 aedificabitur
750 3595 777 3647 in
792 3594 872 3661 eatis,
884 3592 913 3647 id
963 3590 1041 3662 quod
1056 3591 1191 3661 equidem
1201 3592 1316 3662 dignius
1330 3594 1373 3646 est
1383 3608 1470 3663 quam
1481 3592 1504 3644 si
1511 3590 1571 3645 sine
1580 3592 1699 3646 consilio
1709 3592 1764 3645 hoc

110 3677 154 3728 est
167 3675 218 3730 fiet
232 3677 260 3732 in
278 3679 425 3750 apostolis,
436 3680 545 3735 scilieet
558 3697 630 3752 quos
645 3681 702 3737 lide
718 3684 746 3736 et
761 3681 801 3736 tui
813 3681 912 3752 cogni·
963 3680 1106 3748 ageretur.
1123 3678 1253 3733 Ostendit
1265 3695 1379 3751 quoque
1388 3694 1437 3733 eos
1448 3679 1603 3748 inequales
1614 3695 1684 3746 esse,
1697 3694 1763 3732 cum

108 3761 189 3817 tione
204 3765 380 3823 illuminabis
402 3769 429 3822 in
450 3769 611 3836 virtutihus,
638 3774 666 3823 et
682 3770 816 3841 operibus
829 3768 913 3824 bonis
962 3765 1057 3820 addit:
1073 3767 1144 3820 Vere
1165 3768 1258 3828 nullus
1280 3768 1430 3837 equabitur
1453 3765 1569 3819 Domino
1592 3766 1673 3820 Filio.
1691 3767 1762 3821 Nam

108 3849 285 3920 sublimabis,
297 3858 326 3908 et
340 3856 460 3910 tandem
477 3856 665 3912 beatificabis.
684 3859 719 3912 Et
735 3859 762 3911 in
775 3859 812 3912 eis
823 3857 910 3924 coelis,
961 3859 1021 3925 ipse
1032 3854 1087 3908 crit
1098 3872 1211 3924 innatans
1226 3854 1254 3908 lu
1272 3855 1402 3924 potentia
1420 3854 1635 3920 miraculorum,
1651 3860 1676 3907 et
1689 3855 1763 3906 terri-

106 3932 140 3992 id
155 3943 197 3993 est
209 3956 315 4011 percos
326 3945 658 4016 coelospraparabitnrin
674 3946 840 4001 aliisveritas
853 3953 909 4012 tan,
963 3941 1020 3995 bilis
1036 3942 1208 4007 invindicta,
1222 3958 1299 4011 super
1309 3950 1397 3994 omnes
1411 3941 1614 4012 praedicatores
1627 3942 1674 4011 qni
1686 3945 1761 4006 sant,

109 4026 425 4094 ot,idcstbenellcium
440 4032 912 4104 misericordiae,quodveritastua
961 4027 990 4083 id
1008 4029 1111 4100 estqui
1136 4033 1220 4083 erunt
1240 4032 1267 4082 in
1297 4031 1410 4082 circuitu
1433 4029 1499 4099 ejus,
1516 4029 1602 4083 idest
1621 4027 1761 4082 famulatu
1856 4072 1859 4076 ,

107 4115 275 4185 complebit.
291 4116 405 4172 luducit
419 4120 517 4173 autem
532 4120 620 4174 verba
636 4119 724 4191 ipsius
739 4120 840 4187 Patris,
855 4120 907 4174 sic:
961 4117 1272 4187 ejusdsimilitudine
1295 4117 1404 4172 dictum
1432 4121 1475 4172 est
1497 4117 1684 4182 famulorum,
1712 4116 1761 4188 qui
1798 4167 1801 4170 a

109 4200 177 4256 oica
190 4204 267 4273 quod
276 4204 376 4273 dicasti,
387 4210 416 4262 et
429 4223 495 4261 ecce
511 4207 586 4262 dicta
599 4209 648 4262 tua
658 4208 778 4278 disposui
785 4209 821 4263 ab
830 4212 911 4263 retor-
960 4206 1118 4261 Dominum
1129 4206 1318 4272 circumdant,
1333 4205 1590 4272 uteifamulentur,
1603 4205 1662 4260 acsi
1673 4205 1757 4259 dicat:

108 4306 158 4358 uo,
173 4297 357 4349 testamentum
371 4311 481 4362 mcum,
496 4296 526 4350 id
544 4301 586 4351 cst
601 4296 909 4352 firmissimomnovam
922 4303 948 4361 Ι)
960 4295 1030 4350 Cum
1044 4295 1097 4367 ipsi
1118 4294 1217 4366 magni
1234 4294 1332 4349 sintin
1349 4296 1480 4365 potentia
1502 4294 1719 4360 miraculorum,
1731 4296 1760 4348 ot

106 4377 204 4450 legem
216 4397 313 4436 meam
328 4400 375 4439 me
385 4384 610 4439 daturumeleetis
621 4386 696 4452 meis,
709 4385 910 4441 scilicetsideti-
958 4383 1100 4437 terribiles
1116 4383 1145 4437 in
1162 4383 1292 4453 patentia
1305 4383 1443 4454 puniendi
1453 4383 1553 4452 malos,
1568 4381 1680 4436 meritis
1694 4397 1758 4436 ora·

107 4464 161 4521 bus
176 4469 247 4523 meis
262 4469 292 4524 in
307 4474 439 4543 tempore
458 4472 644 4543 plenitudinis
658 4472 770 4535 futuris,
788 4490 859 4543 quos
874 4475 909 4530 do
959 4471 1071 4525 tionum
1084 4488 1200 4526 suarum
1214 4489 1220 4538 ;
1235 4474 1333 4525 tamen
1350 4473 1392 4525 est
1407 4470 1759 4541 eismaj0retterribilior.

107 4570 203 4611 massa
213 4559 394 4628 perditorum
407 4561 524 4633 eligam,
541 4565 569 4617 et
573 4562 678 4631 juravi,
693 4561 772 4617 idest
787 4561 910 4616 firmiter
959 4559 1147 4614 Focitautem
1178 4560 1382 4629 apostropham
1409 4559 1446 4613 ad
1473 4575 1539 4614 eum
1565 4576 1631 4614 cum
1654 4561 1758 4631 repeti·
1851 4610 1856 4617 .

107 4645 138 4699 et
150 4647 230 4717 quasi
244 4665 310 4703 eum
323 4650 492 4721 juramento
500 4649 632 4721 promisi,
647 4648 740 4704 David
755 4667 828 4704 serae
841 4667 907 4720 meo,
959 4647 1049 4714 tione,
1067 4649 1099 4701 ut
1115 4647 1221 4702 addat:
1239 4647 1318 4715 Ilico,
1333 4663 1349 4702 ο
1363 4649 1438 4703 Deus
1451 4647 1470 4701 F
1472 4648 1514 4715 ili,
1529 4651 1589 4720 quis
1603 4651 1631 4703 ia
1645 4648 1759 4702 aestibus

107 4730 138 4787 id
150 4735 481 4809 estChristosignillcato
491 4755 542 4810 per
552 4738 715 4810 David;qui
724 4754 910 4793 serrusmeus
959 4738 1008 4792 erit
1022 4737 1118 4792 sinaitis
1139 4736 1286 4795 Domino?
1307 4739 1335 4790 et
1356 4737 1430 4791 bene
1455 4737 1542 4792 dico:
1569 4737 1724 4802 Quoniam,
1741 4753 1757 4791 o

107 4820 163 4877 orit
178 4826 334 4880 secuudum
351 4827 428 4898 qnod
442 4827 531 4881 homo
559 4827 588 4881 iu
610 4827 744 4881 omnibus
759 4825 907 4881 obediens.
962 4824 1072 4879 Domine
1082 4824 1154 4879 Dens
1178 4828 1319 4892 virtutum,
1344 4844 1377 4882 ex
1398 4825 1465 4896 ipsis
1490 4826 1613 4880 nubibus
1627 4826 1686 4895 quis
1701 4825 1756 4878 crit

106 4910 166 4966 lloc
180 4912 287 4968 scilicet
296 4914 416 4984 promisi
431 4915 494 4982 tihi,
516 4931 533 4969 o
549 4915 648 4982 David,
665 4916 742 4987 quod
751 4915 908 4986 praeparato
956 4914 1050 4969 similis
1059 4913 1242 4979 tibi‘lNullus,
1252 4914 1322 4969 Cum
1337 4913 1415 4968 enim
1426 4912 1609 4968 sisDominus
1620 4911 1756 4964 virtutum

106 5016 161 5072 per
174 5002 377 5073 predicatores
400 5003 429 5058 in
445 5004 501 5059 sule
523 5021 610 5058 semen
633 5012 718 5071 turem,
734 5004 763 5058 id
778 5007 821 5059 est
835 5004 908 5058 filios
957 5018 1159 5073 supernarum,
1176 5007 1204 5057 et
1218 5006 1303 5071 Deus,
1320 5003 1350 5058 id
1365 5006 1408 5056 cst
1422 5004 1535 5055 creator
1550 5016 1649 5054 earum
1661 5003 1689 5053 ot
1705 5000 1757 5070 ipsi

107 5091 171 5145 tuos
184 5091 344 5162 adoptivos,
359 5093 407 5165 qui
424 5093 465 5147 tui
479 5109 615 5167 sequaces
629 5094 715 5147 erunt
729 5103 815 5164 prout
830 5095 908 5162 pote·
957 5091 1090 5153 minime,
1111 5091 1261 5146 dissimiles
1277 5092 1327 5146 tihi
1344 5094 1418 5144 sunt.
1436 5090 1469 5143 Et
1483 5089 1510 5142 in
1527 5090 1580 5143 boc
1593 5087 1680 5143 ctiam
1692 5092 1758 5143 suut

106 5182 186 5234 runt.
203 5180 271 5235 Dico
285 5198 372 5236 semen
387 5181 557 5252 preparato,
584 5196 681 5247 sernen,
705 5181 768 5235 dico
783 5197 863 5252 usqne
881 5182 908 5233 ia
946 5178 1182 5246 ‘dissimilestilri
1199 5180 1368 5251 quiapotens
1383 5196 1418 5245 es,
1435 5178 1464 5232 id
1476 5177 1626 5247 esterisvde
1641 5177 1690 5232 tali
1706 5193 1757 5248 po·

106 5274 235 5323 aternam
250 5286 484 5342 permansurum.
502 5269 555 5332 Oui
566 5268 750 5324 enimcredet
760 5270 789 5324 in
802 5273 839 5334 tc,
850 5285 908 5324 non
956 5268 1049 5322 tentia
1064 5286 1120 5339 qua
1133 5267 1246 5339 penitus
1261 5267 1313 5337 ipsi
1336 5268 1445 5334 carent,
1462 5270 1490 5320 et
1512 5266 1541 5321 in
1567 5267 1620 5321 hoe
1644 5282 1758 5338 quoque

107 5356 250 5412 morietur
262 5358 292 5412 in
308 5361 449 5414 aternum
465 5358 558 5429 (doun.
575 5375 612 5424 xi,
629 5358 719 5426 26),ιί
730 5356 865 5424 aaifieate
879 5356 908 5410 in
958 5358 1025 5409 sunt
1039 5355 1200 5423 dissimiles,
1215 5356 1281 5426 quia
1293 5355 1391 5409 veritas
1404 5361 1450 5408 tna
1466 5355 1520 5410 erit
1535 5355 1685 5409 incircuitu
1701 5361 1756 5425 tuo,

106 5445 258 5501 virtutihus
272 5449 302 5501 et
325 5447 408 5502 bonis
430 5447 563 5518 operibus
578 5445 664 5500 sedern
680 5451 752 5498 tuam
764 5446 791 5498 in
802 5461 910 5513 penora·
960 5444 988 5498 et
1002 5442 1161 5500 incircuitu
1174 5460 1275 5500 eorum
1288 5442 1394 5511 non,id
1402 5447 1444 5498 est
1454 5443 1507 5517 ipsi
1518 5443 1567 5515 qui
1581 5442 1759 5515 paremplra·

107 5535 178 5598 tione
189 5537 429 5608 etpenaratienem,
442 5534 525 5592 idest
536 5534 718 5596 iuoeternum
736 5547 910 5606 permaneo·
960 5532 1003 5590 sin
1020 5534 1124 5591 veritas
1139 5534 1333 5603 medicentur,
1346 5549 1380 5591 eo
1394 5533 1686 5610 quodpervontatem
1697 5549 1761 5592 sau·
