3772 5976
63 324 131 378 iter
566 318 746 399 exeosmo
762 321 798 376 IN
816 317 1030 377 PSALROS.-
1048 317 1146 375 PSAL.
1168 315 1211 373 CV
1386 391 1391 401 .
1650 320 1719 379 1¹⁹8
1792 366 1797 373 .

62 452 201 507 tationem
219 450 271 505 snb
286 450 515 522 interrogatione
530 451 658 522 ponitur,
675 449 864 523 oeqnipollens
876 455 904 514 A
918 451 961 504 εει
969 447 1080 505 dicere:
1094 446 1247 504 Occasione
1257 447 1403 503 bonorum
1413 463 1535 520 operum
1542 452 1722 520 nostrorum,

62 545 115 608 est,
132 557 164 594 ac
180 539 202 592 si
217 538 325 593 diceret
342 555 348 592 :
369 541 435 593 Post
447 539 660 595 contessionem
679 542 864 609 peccatorum
919 541 948 593 ει
964 556 1016 593 nos
1031 538 1191 606 laudemus,
1208 541 1237 591 ct
1253 538 1283 591 ιιι
1295 535 1445 591 nobiscum
1455 554 1507 608 per
1518 555 1571 593 nos
1585 538 1721 595 lauderis.

63 629 149 685 lecito
163 627 252 681 laudes
267 628 334 698 ejus,
348 627 377 681 id
396 635 439 682 est
460 629 603 698 complete
625 628 703 683 bona
727 644 816 699 opera
838 627 866 682 in
918 626 1038 682 Ostensa
1053 627 1108 682 hoc
1123 625 1270 698 quomodo
1291 629 1377 681 οιειιι
1401 626 1527 681 ostendit
1550 627 1609 682 late
1632 645 1722 702 usque

61 718 166 790 quibus
176 717 235 788 ipse
246 716 389 783 laudetur,
406 714 512 788 etquis
523 719 619 787 posset
633 715 687 770 dici
698 715 868 786 ignoramus
917 715 992 770 circa
1000 715 1089 771 ιιιιειιι
1101 715 1214 787 psalmi,
1226 715 1374 787 quomodo
1382 715 1418 770 ad
1425 713 1661 772 conformitatem
1672 733 1721 788 ρε-

61 806 161 861 laudes
174 805 246 873 illas,
257 804 338 859 addit
352 804 457 858 auditas
470 822 503 860 ac
519 805 541 859 si
558 804 654 861 dicat:
672 804 754 868 Quod
769 805 868 860 laudes
917 805 1033 858 trumse
1041 820 1172 876 peccasse
1182 803 1306 859 debcant
1321 802 1461 858 confiteri.
1478 803 1546 858 Dico
1560 805 1721 873 confitemini

61 895 129 950 satis
140 894 204 964 jam
218 893 441 965 perScripturas
455 893 582 948 audistis.
591 895 625 948 Et
638 898 791 967 postquam
811 894 867 948 lau·
917 891 967 960 sic,
992 893 1110 965 scilicet,
1136 909 1152 948 o
1178 891 1310 961 Domine,
1330 895 1497 963 peccavimus
1521 909 1581 947 cum
1598 893 1721 964 putridus

60 981 104 1036 des
119 983 175 1052 ejas
194 981 225 1035 in
241 981 319 1036 vobis
334 981 468 1048 feceritis,
493 981 648 1054 loquimini
669 982 732 1036 aliis
751 998 865 1037 annun·
916 984 1022 1050 nostris,
1030 981 1059 1035 id
1069 980 1299 1052 estpeccavimus
1310 980 1347 1035 ad
1357 980 1592 1037 conformitatem
1602 986 1720 1053 patrum

60 1069 304 1141 tiendopoteatias
318 1069 439 1138 Domini,
450 1070 556 1126 scilicet
566 1070 736 1125 annuntiate
750 1071 788 1125 ad
802 1087 864 1126 cor·
917 1074 1095 1139 nostrorum,
1107 1072 1190 1125 tanto
1203 1071 1411 1140 antetempore
1422 1069 1617 1134 existentium,
1630 1071 1679 1142 qui
1690 1073 1719 1126 ιε

60 1159 221 1215 rectionem
237 1160 360 1214 aliorum
375 1175 442 1213 eum
461 1162 611 1230 potentem
628 1175 688 1214 εεεε
702 1158 739 1213 ad
749 1162 866 1231 peccata
917 1160 1045 1231 graviter
1056 1157 1242 1214 offenderunt
1252 1175 1258 1212 :
1269 1158 1358 1213 ethos
1369 1156 1495 1212 ostendit
1505 1158 1719 1229 perpertessic.

60 1245 299 1315 condonandum,
312 1252 342 1302 et
355 1251 505 1319 potentem
520 1249 555 1303 ad
571 1249 663 1303 bonos
678 1264 867 1303 remunerari·
915 1246 989 1302 Vere
1006 1250 1175 1318 peccavimus
1198 1249 1230 1300 ut
1254 1249 1366 1318 patres,
1395 1246 1492 1317 injuste
1515 1245 1594 1301 enim
1619 1250 1719 1317 egemus

61 1336 143 1404 dum,
159 1339 308 1408 potentem
322 1353 436 1408 quoque
452 1336 489 1391 ad
504 1336 596 1391 malos
609 1335 866 1406 puniendumNon
917 1338 1059 1407 quantum
1074 1336 1111 1390 ad
1132 1335 1308 1407 proximum,
1325 1333 1398 1389 sicut
1411 1333 1480 1406 ipsi;
1506 1336 1536 1388 et
1552 1336 1718 1407 iniquitatem
1767 1326 1779 1345 ⁰

60 1424 141 1479 enim
150 1425 351 1497 oportetprius
360 1424 487 1495 aliquem
498 1424 728 1497 aliispraedicare
737 1440 824 1495 quam
835 1425 864 1479 in
914 1424 1038 1495 serimus,
1054 1428 1196 1496 quantum
1212 1423 1249 1479 ad
1264 1439 1316 1478 nos
1329 1421 1400 1477 sicut
1414 1421 1478 1494 ipsi.
1495 1423 1594 1477 Posset
1608 1425 1716 1495 quaeri:

59 1513 268 1585 sebonaopera
278 1512 436 1583 complere.
448 1512 529 1568 Unde
543 1513 710 1583 Apostolus:
723 1536 736 1562 a
751 1512 865 1584 Castigo
916 1513 1148 1568 peccaveruntne
1165 1514 1261 1584 patres
1278 1509 1382 1566 vestri?
1396 1509 1441 1564 Ad
1455 1510 1534 1582 quod
1547 1510 1587 1565 sic
1600 1527 1719 1582 respon-

60 1617 165 1674 corpus
176 1617 286 1668 meum,
297 1604 325 1655 et
334 1601 362 1655 in
375 1601 543 1656 servitutem
552 1601 664 1672 redigo,
672 1616 719 1668 nc,
730 1616 796 1655 cum
804 1600 865 1655 aliis
916 1599 1094 1655 dendumest
1106 1617 1112 1655 ι
1126 1599 1320 1655 Peccauerunt
1326 1597 1537 1669 utique.Patres
1547 1600 1626 1655 enim
1635 1603 1721 1657 nostri

59 1689 288 1761 praedicaverim,
296 1690 503 1761 ipsereprobus
514 1688 622 1744 alliciar
632 1686 729 1761 (ICor.
738 1706 774 1757 lx,
789 1693 862 1756 27).»
915 1691 943 1742 in
951 1689 1090 1760 AEgypto,
1102 1689 1150 1744 ubi
1160 1689 1332 1759 tuDeuspro
1341 1688 1382 1742 ειε
1390 1689 1481 1743 multa
1489 1688 1636 1744 mirabilia
1648 1707 1718 1764 ops-

59 1778 189 1833 Etetiam
202 1779 236 1833 de
247 1778 424 1849 lesulegitur
439 1794 445 1831 :
460 1801 472 1827 «
485 1778 553 1842 Quae
573 1777 658 1848 coepit
675 1779 754 1832 lesus
769 1777 900 1863 iacereB
915 1775 1719 1846 ratuses,nonintetleearunt,idestnonanimadverterunt

58 1871 88 1921 et
103 1867 208 1922 docere
223 1867 298 1924 (Act.
313 1883 332 1933 1,
352 1865 388 1938 l).
405 1884 421 1918 ι
437 1866 498 1920 Dixi
514 1867 678 1935 confitemini
691 1869 817 1937 peccata,
835 1869 864 1922 et
914 1865 1059 1922 mirabilia
1069 1883 1133 1939 quae
1149 1882 1201 1939 pro
1218 1866 1258 1921 eis
1273 1869 1409 1936 operatus
1421 1869 1501 1934 es,ut
1511 1883 1613 1922 eorum
1629 1866 1717 1923 mira·

58 1971 175 2012 necesse
187 1956 305 2028 quidem
315 1955 395 2011 robis
404 1958 456 2011 εει.
464 1954 545 2010 Beati
555 1956 633 2011 enim
647 1960 676 2012 et
685 1955 731 2011 hic
740 1959 817 2025 sunt,
835 1959 863 2012 et
913 1953 1015 2010 billum
1026 1955 1156 2016 contuitu
1165 1955 1218 2010 tibi
1230 1956 1324 2011 essent
1333 1954 1484 2009 credentes
1495 1957 1523 2010 ει
1536 1955 1714 2014 obedientes.

59 2045 89 2100 in
102 2045 199 2100 laturo
207 2047 297 2100 multo
306 2044 399 2115 magis
409 2048 495 2100 erunt
507 2045 612 2116 illi‚qui
618 2046 771 2102 assotians
779 2045 809 2100 in
821 2063 862 2114 se,
913 2043 980 2101 Dico
992 2063 1044 2100 nan
1052 2045 1246 2112 iutelleeenrnt,
1258 2047 1285 2098 et
1293 2043 1316 2099 si
1324 2043 1362 2098 ad
1374 2047 1489 2116 tempus
1501 2044 1715 2116 intellexerunt,

60 2133 91 2190 id
99 2135 372 2205 estamplectuntur‚
385 2150 444 2188 non
456 2134 607 2206 negligunt
618 2134 747 2203 judicium
762 2151 862 2206 pecca-
912 2150 965 2188 non
983 2135 1096 2204 fucrant
1116 2134 1164 2189 diu
1179 2150 1305 2188 immores
1328 2131 1509 2188 multitudiuis
1528 2135 1716 2192 misericordie

60 2227 171 2290 torum,
188 2221 217 2277 id
232 2226 275 2278 est
289 2222 512 2289 consessionem,
524 2222 629 2278 scilicet
640 2223 688 2295 qui
700 2223 739 2278 sic
754 2224 863 2279 conles
912 2229 975 2290 tua,
992 2223 1021 2276 id
1046 2227 1089 2278 est
1113 2223 1272 2278 multorum
1296 2220 1473 2279 mirabilium
1494 2221 1713 2296 beneficiorum,

58 2312 172 2368 sionem
187 2311 353 2367 custodiunt
374 2315 406 2366 ut
425 2311 593 2383 frequenter
613 2312 816 2380 confiteantur,
834 2316 863 2368 ει
911 2326 976 2383 quae
991 2327 1043 2382 per
1057 2314 1148 2368 solam
1164 2310 1394 2367 misericordiam
1409 2310 1450 2365 eis
1464 2311 1619 2368 contulisti.

57 2405 124 2473 post
135 2399 347 2456 contessionem
364 2400 400 2454 ad
414 2400 555 2455 vomitum
570 2416 628 2455 non
643 2401 859 2456 redeuntDixi:
948 2400 1085 2470 Dicimus,
1103 2417 1120 2456 o
1134 2400 1289 2467 auditores,
1304 2400 1382 2472 quod
1393 2400 1512 2455 luerunt
1526 2400 1714 2460 immemores

59 2487 213 2558 Quusaciet
225 2487 429 2558 uiuescjus,id
446 2492 488 2543 est
500 2505 589 2560 opera
601 2489 689 2552 bona,
703 2491 733 2543 et
746 2506 860 2545 necesse
911 2489 1115 2545 misericordia
1135 2489 1251 2545 Domini
1275 2488 1451 2559 multiplicis,
1475 2493 1504 2544 ει
1525 2489 1714 2549 immemores

58 2579 102 2632 est
116 2576 233 2648 quidem
252 2576 413 2645 alliciatis
430 2577 498 2649 quia
515 2579 584 2633 beati
597 2580 684 2633 erunt
697 2581 746 2650 qui
755 2579 861 2647 saciant
911 2578 1075 2639 existentes.
1092 2580 1274 2647 irritaverunt,
1290 2578 1320 2632 id
1335 2579 1378 2633 εει
1392 2577 1429 2633 ad
1445 2577 1625 2634 iracundiam
1646 2596 1714 2636 eum

53 2665 201 2736 justitiam,
219 2665 247 2720 id
264 2669 307 2720 est
315 2666 394 2736 justa
409 2682 507 2738 opera,
521 2670 550 2721 ει
561 2684 620 2722 non
636 2667 673 2721 ad
686 2667 799 2736 horam,
812 2667 861 2722 sed
912 2670 1141 2741 provocaverunt
1153 2666 1331 2735 ascendentes,
1346 2666 1375 2722 id
1393 2670 1436 2720 est
1452 2666 1487 2721 de
1501 2667 1624 2739 AEgypto
1635 2685 1716 2742 egre·

58 2753 89 2808 in
104 2754 599 2824 omnitempore;dicacanfitemini
613 2756 653 2809 ita
668 2759 806 2810 orantes:
912 2756 1034 2824 dientes,
1067 2760 1096 2810 et
1123 2756 1198 2810 bene
1232 2755 1300 2811 dicit
1333 2754 1507 2809 ascendentes.
1539 2754 1612 2811 Cum
1636 2758 1715 2814 enim

93 2841 227 2896 Memento
240 2844 333 2909 nostri,
347 2841 473 2910 Deuites,
485 2843 663 2915 indulgendo
675 2847 800 2914 peccata,
811 2842 862 2916 qui
911 2845 1048 2915 AEgyptus
1062 2841 1184 2897 inferior
1196 2842 1250 2896 situ
1264 2843 1300 2898 sit
1313 2842 1447 2898 omnibus
1457 2842 1542 2899 terris
1557 2844 1633 2902 circe
1648 2862 1714 2902 eam

58 2930 860 3003 visusesnosdiuoblivionidedisse,dumsumussubpec-
912 2932 1108 3000 existentibus,
1118 2930 1290 2986 nullusinde
1301 2933 1396 3002 potest
1411 2931 1510 3002 egredi
1521 2936 1603 3004 parte
1618 2933 1717 3007 aliqua

59 3018 114 3073 cati
126 3017 456 3089 originalisconditione.
468 3019 548 3087 Dico,
559 3026 699 3082 memento,
709 3021 738 3072 et
749 3037 807 3075 non
821 3036 863 3074 εε-
912 3020 965 3076 nisi
977 3037 1042 3076 cum
1057 3037 1185 3075 ascensu.
1202 3019 1389 3089 Ascendcntes,
1400 3020 1530 3094 inquam,
1542 3024 1717 3080 irritaverunt

59 3107 188 3162 cundum
213 3109 320 3162 merita
344 3110 453 3174 nostra,
470 3107 520 3162 sed
542 3110 569 3162 iu
594 3108 751 3180 beneplacito
761 3108 861 3196 423
873 3093 896 3153 C
912 3128 981 3178 eum,
998 3113 1027 3164 et
1041 3111 1095 3165 hoc
1111 3112 1140 3166 ιἰι
1152 3112 1231 3180 mari,
1247 3112 1321 3165 mari
1339 3110 1442 3178 Rubra,
1465 3112 1572 3168 scilicet
1592 3114 1641 3169 ubi
1655 3132 1715 3172 non

54 3195 150 3267 populi
162 3197 211 3262 tui,
232 3194 261 3248 id
277 3194 362 3248 estin
379 3195 560 3266 beneplacito
574 3196 780 3253 misericordia·
795 3202 861 3264 tuae,
913 3201 987 3255 εεεει
1002 3199 1167 3267 irritandus,
1183 3217 1242 3272 prce
1256 3199 1406 3256 nimietate
1421 3200 1550 3273 periculi.
1566 3202 1717 3261 Nemeum

58 3283 219 3338 secundum
233 3282 310 3354 quod
325 3284 399 3337 soles
420 3283 551 3338 misereri
574 3284 672 3356 populi
692 3285 744 3351 tui,
760 3288 789 3339 et
808 3286 862 3340 hoc
912 3288 1009 3343 hostes
1023 3287 1208 3360 insequentes
1222 3304 1252 3343 se
1265 3288 1406 3358 viderent,
1422 3291 1451 3344 ει
1475 3307 1559 3347 ιιιειε
1586 3291 1717 3350 Rubrum

58 3370 147 3426 modo
160 3371 277 3442 quidem
293 3379 423 3426 rnamenta
439 3375 533 3440 nostri,
548 3375 626 3426 arsita
641 3391 688 3429 nos
704 3373 810 3428 scilicet
831 3375 863 3430 in
912 3379 991 3445 ente,
1009 3377 1212 3433 dubitaverunt
1227 3395 1265 3432 an
1284 3379 1359 3433 Deus
1371 3382 1468 3451 posset
1482 3397 1530 3435 εοε
1542 3380 1677 3453 liberare,
1689 3386 1718 3439 ει

57 3460 176 3517 satutari
189 3466 246 3528 tao,
262 3460 345 3516 idest
360 3476 413 3516 nos
427 3461 559 3516 intirmos
571 3461 600 3515 in
618 3462 742 3533 peccatis
762 3467 792 3518 ει
815 3463 863 3518 ob-
912 3465 952 3519 sic
981 3482 1049 3520 eum
1075 3465 1271 3523 irritaverunt.
1301 3467 1351 3521 Vel
1379 3466 1418 3521 sic
1435 3484 1441 3522 :
1461 3467 1640 3526 Irritaocruut
1659 3479 1718 3529 enm

58 3548 159 3603 noxios
171 3548 257 3603 morti
267 3547 349 3603 visita
364 3549 568 3620 perChristum
581 3549 759 3606 Salvatorcm
768 3554 861 3618 tuum,
912 3553 1078 3607 ascendentes
1098 3554 1134 3608 de
1153 3555 1276 3625 AEgypto
1305 3555 1333 3606 in
1355 3571 1438 3623 mare,
1466 3572 1558 3624 mare,
1585 3558 1716 3631 inquam,

57 3637 166 3708 atejus
182 3637 390 3709 mortispretio
413 3638 449 3692 ad
472 3638 560 3693 vitam
584 3638 768 3697 reducamur.
793 3640 861 3695 Dico
912 3640 1139 3697 Rubrumlttarc
1150 3641 1257 3713 quippe
1269 3640 1399 3696 Rubrum
1418 3643 1503 3699 altius
1522 3647 1564 3699 εει
1583 3647 1716 3719 AEgypto,

57 3727 136 3780 uisite
147 3744 193 3781 nos
206 3725 235 3780 in
252 3726 418 3781 ohedientia
438 3725 593 3782 Salvatoris
617 3727 670 3794 tui,
689 3727 796 3782 ducens
810 3744 863 3785 nos
913 3728 986 3785 sicut
998 3734 1027 3784 et
1039 3732 1118 3784 terra
1137 3729 1166 3783 in
1182 3733 1304 3801 quaest.
1318 3730 1367 3783 Vel
1383 3730 1422 3785 sic
1439 3748 1446 3785 ε
1461 3730 1644 3791 irritaverunt
1657 3753 1718 3792 cum

57 3831 111 3888 per
125 3814 212 3886 ipsius
227 3814 382 3871 salvatoris
397 3815 534 3870 notitiam
554 3815 589 3870 ad
603 3816 745 3871 videndum
760 3819 799 3886 ιε,
817 3816 862 3872 in·
911 3820 1076 3876 accedentes
1104 3823 1131 3874 in
1158 3822 1237 3887 mari,
1263 3821 1333 3874 mari
1357 3819 1464 3875 scilicet
1492 3820 1588 3878 Rubro
1614 3823 1717 3880 lormi-

57 3901 158 3957 teriori
173 3902 429 3974 contemplatione,
443 3921 506 3971 nos,
521 3904 652 3976 inquam,
666 3906 773 3978 positos
784 3905 864 3961 indo·
912 3909 990 3965 dato.
1008 3910 1077 3965 Mari
1096 3910 1192 3964 Rubro
1215 3907 1418 3964 determinatio
1447 3913 1489 3964 est
1508 3911 1632 3981 qualiter
1658 3930 1717 3969 eum

58 3993 141 4048 nitate
156 4008 264 4063 operum
279 3991 420 4047 electorum
436 3999 551 4047 tuorum.
569 3994 651 4060 Quod
674 3997 717 4050 εει
739 3994 860 4051 dicere:
912 4000 1096 4066 irritaverunt,
1116 4001 1146 4055 et
1172 3998 1301 4070 quamvis
1326 4015 1393 4054 eum
1419 3997 1590 4065 irritassent,
1615 4005 1716 4060 ιειιιειι

61 4080 108 4136 Sic
121 4097 174 4135 nos
187 4096 239 4153 per
255 4097 321 4135 eum
334 4080 417 4135 visita
432 4085 463 4136 ut
476 4081 615 4138 visitando
631 4101 683 4157 per
707 4084 863 4156 indulgen·
912 4087 1024 4142 salvavit
1050 4105 1101 4154 cas,
1126 4090 1154 4142 et
1178 4103 1237 4142 non
1264 4089 1383 4159 propter
1406 4087 1512 4143 merita
1535 4105 1649 4161 eorum,
1665 4093 1716 4150 sed

59 4168 132 4223 tiam
147 4169 233 4223 ducas
248 4185 301 4226 nos
315 4168 351 4223 ed
364 4171 641 4242 contemplationem
667 4172 778 4228 notitiae
793 4176 861 4240 ture,
906 4183 1017 4248 propter
1029 4193 1124 4231 nomen
1135 4193 1214 4230 suum
1224 4175 1456 4248 glorificandum,
1470 4184 1500 4232 ut
1512 4195 1565 4250 ρει
1576 4180 1632 4236 hoc
1643 4182 1717 4238 scili-

59 4273 123 4325 nos,
134 4257 265 4329 inquam,
276 4258 383 4329 positos
394 4261 422 4312 in
437 4261 560 4328 bonitate,
571 4259 600 4317 id
610 4261 694 4316 estin
704 4258 879 4333 bonisope'
913 4268 958 4318 cet
975 4272 1066 4320 aotam
1084 4265 1184 4335 faceret
1212 4265 1334 4336 posteris
1347 4268 1497 4337 potentiam
1517 4285 1605 4336 suam,
1622 4270 1651 4324 id
1673 4276 1716 4327 est

58 4345 147 4414 ribus,
172 4362 261 4417 quam
282 4346 444 4402 bonitatem
469 4349 578 4403 habent
606 4350 688 4404 electi
713 4351 764 4408 ιιιι.
780 4352 819 4404 nc
838 4349 898 4409 siD
912 4371 942 4409 se
958 4358 1106 4426 potentem
1119 4371 1190 4422 csse,
1206 4357 1235 4409 ει
1248 4354 1303 4409 hoc
1320 4354 1407 4410 modo
1425 4372 1533 4411 nomen
1550 4357 1612 4427 ejus
1620 4359 1658 4413 ab
1674 4359 1715 4415 eis

59 4433 154 4490 dicat:
166 4435 221 4489 Nos
231 4434 359 4490 visitatos
368 4435 494 4490 lacbene
508 4437 664 4506 operariad
673 4438 861 4494 conformitas·
913 4444 1133 4515 glorificaretur.
1153 4443 1218 4498 Dico
1236 4443 1374 4515 quoniam
1399 4460 1448 4498 eos
1460 4445 1588 4514 salvavit,
1612 4452 1637 4503 et
1659 4450 1716 4505 hoc

57 4525 119 4578 tem
136 4523 265 4579 fidelium
281 4525 409 4591 tuorum,
425 4523 473 4596 qui
490 4525 526 4580 ad
541 4525 628 4580 vitam
642 4525 724 4580 electi
738 4529 815 4595 sunt,
832 4530 863 4581 ut
913 4534 1001 4588 modo
1013 4533 1131 4605 quidem
1142 4532 1269 4598 salvavit,
1286 4534 1414 4603 increpuit
1429 4533 1515 4588 tacito
1527 4533 1650 4608 imperio
1661 4555 1714 4610 po-

57 4611 860 4685 meritobonorumoperumtecontemplarimereamur.
913 4622 1011 4676 tentiae
1036 4638 1093 4676 suae
1114 4637 1187 4674 mare
1216 4619 1351 4687 Rubrum,
1372 4637 1408 4675 ne
1433 4638 1482 4677 eos
1502 4621 1667 4696 impediret,
1690 4636 1715 4685 ct

56 4699 127 4756 Dico
138 4704 216 4757 uisite
232 4720 288 4769 aas,
302 4703 410 4759 ducens
425 4719 478 4758 nos
490 4703 527 4758 ad
539 4704 698 4759 videndum
711 4708 741 4760 te
754 4705 863 4776 positos
911 4725 964 4781 per
974 4711 1029 4765 hoc
1044 4711 1218 4766 exsciccatum
1230 4714 1267 4762 est
1281 4708 1311 4763 ιιι
1327 4709 1436 4780 medio,
1452 4709 1519 4766 hinc
1536 4715 1565 4767 et
1578 4714 1646 4770 hinc
1660 4733 1713 4788 pro

57 4789 229 4860 ieiunitate,
247 4793 276 4845 et
293 4792 400 4846 ducens
416 4791 503 4847 etiam
518 4793 553 4847 od
568 4793 712 4849 hiandum
727 4794 763 4848 de
778 4794 861 4850 boni·
912 4814 997 4854 muro
1008 4797 1089 4870 aquis
1100 4797 1287 4852 accumulatis
1300 4800 1329 4853 ει
1343 4799 1495 4868 stantibus,
1511 4808 1536 4855 ct
1551 4801 1660 4858 deducit
1671 4820 1713 4861 eos

56 4877 118 4932 tate
131 4893 253 4949 operum
268 4880 296 4933 in
311 4879 403 4934 latitia
417 4883 503 4950 peatr's
519 4888 582 4949 tuae,
595 4881 625 4936 id
647 4885 690 4937 est
703 4881 733 4937 in
749 4881 863 4937 confor—
911 4889 939 4940 in
954 4888 1064 4957 abyssis,
1081 4885 1109 4941 id
1131 4890 1174 4941 est
1196 4885 1236 4942 ita
1257 4886 1337 4942 siccae
1358 4888 1440 4944 duxit
1460 4905 1510 4944 eos
1537 4906 1589 4962 per
1615 4892 1711 4948 locum

57 4964 161 5021 mitste
173 4967 280 5023 laetitia
292 4967 437 5039 justorum
453 4969 502 5042 qni
517 4973 585 5025 sunt
598 4987 669 5043 gens
691 4973 750 5025 tua.
778 4971 861 5036 Quod
910 4959 1011 5045 424
1022 4975 1209 5031 ubisolebant
1219 4992 1280 5031 εεεε
1289 4975 1392 5048 abyssi,
1404 4976 1433 5032 id
1449 4978 1492 5032 εει
1513 4993 1628 5050 magnae
1643 4997 1710 5052 pro-

57 5054 103 5108 εει
118 5054 213 5110 dicere
228 5073 235 5110 ε
253 5055 298 5113 Sic
314 5073 367 5112 nos
381 5058 427 5113 lac
440 5059 514 5114 bene
530 5059 644 5130 operari
666 5062 696 5114 ut
719 5060 794 5115 hanc
809 5060 860 5115 bo·
911 5063 1078 5133 funditates,
1091 5065 1158 5120 sicut
1173 5064 1204 5119 in
1216 5063 1326 5133 decute,
1342 5063 1373 5119 id
1388 5067 1431 5119 est
1445 5065 1526 5136 quasi
1548 5082 1601 5137 per
1615 5069 1711 5126 deser·

58 5157 129 5197 uam
143 5143 341 5214 operationem
356 5163 416 5201 non
432 5163 499 5201 cum
524 5146 640 5202 tristitia
664 5164 796 5219 agamus,
812 5146 862 5203 sed
911 5155 985 5220 tum,
1001 5152 1212 5224 ubinunquam
1226 5167 1307 5223 aquas
1327 5150 1455 5207 luerunt.
1471 5151 1510 5207 Et
1529 5158 1713 5228 tuncopcruit

56 5231 202 5299 laetanter,
219 5232 255 5287 ed
264 5233 498 5290 conformitatem
512 5234 617 5290 letitie
625 5235 781 5306 justorum.
794 5259 808 5288 n
819 5235 863 5291 lli-
912 5258 983 5314 aqua
998 5239 1087 5295 maris
1104 5240 1260 5294 tributantes
1274 5256 1326 5308 eos,
1344 5240 1452 5295 scilicet
1471 5243 1620 5316 AEgyptios
1639 5246 1713 5304 scili·

60 5319 154 5376 larem
169 5321 248 5376 enim
262 5322 396 5379 datorem
413 5323 506 5396 diligit
521 5325 595 5378 Dens
611 5322 656 5397 (II
669 5322 733 5379 Cor.
750 5343 788 5394 11,
798 5326 863 5398 7).»
912 5333 958 5386 cet
971 5332 1082 5385 temere
1098 5328 1251 5401 ingressos,
1268 5331 1297 5382 ει
1310 5328 1349 5383 sic
1365 5329 1443 5402 quod
1466 5349 1535 5386 rinus
1555 5350 1586 5386 er
1609 5337 1715 5393 canon

59 5407 121 5464 Duc
135 5425 198 5477 nos,
212 5409 344 5483 inquam,
361 5412 398 5468 ad
412 5411 543 5468 loetitiem
572 5412 656 5468 bonae
676 5414 862 5485 operationis,
912 5416 1094 5490 renmnsitqui
1103 5433 1152 5473 eos
1162 5417 1362 5488 insequeretur
1375 5422 1476 5490 postea
1488 5437 1494 5475 :
1504 5425 1529 5476 et
1543 5424 1612 5478 tunc
1628 5425 1713 5484 credi-

59 5497 182 5553 utnobis
195 5499 328 5556 laetanter
338 5500 412 5557 bene
427 5517 481 5573 per
494 5505 521 5557 ιε
541 5501 729 5576 operantibus
744 5501 863 5561 lauderis
912 5506 1009 5564 enan
1018 5508 1076 5563 Deo
1090 5504 1121 5560 in
1133 5505 1216 5560 ιειιιι
1225 5506 1282 5577 ejus
1298 5507 1461 5580 completis,
1472 5508 1502 5564 id
1514 5514 1559 5566 εει
1574 5510 1606 5568 in
1620 5516 1714 5572 consi·

61 5584 636 5662 mansuetariosnaaamohiscum
645 5592 763 5653 scilicet.
777 5592 863 5661 Quod
913 5593 1717 5676 (ιειειιοιιεεειιιειιιιιιεοιιιριειειιιιιι,ιειιιεειεειιειιιε
