3772 5970
130 279 199 346 issa
357 343 359 348 ,
602 274 784 340 ΕΧΡο81Τ10
802 272 837 332 IN
856 263 1024 331 PSALMDS.
1041 297 1075 317 -·
1094 271 1191 335 1>le.
1212 277 1308 339 orris
1714 275 1783 352 {aa}

127 409 558 487 lmpugnaveruut,iuquam,at
570 405 930 483 hocmodoquidemride-
944 394 1118 476 Amulium,
1127 411 1159 465 ut
1172 407 1266 465 sinum
1277 425 1360 466 suum
1370 425 1404 467 ex
1414 425 1449 469 eo
1466 408 1556 485 possit
1569 409 1701 488 implere,
1712 410 1785 474 sicut

126 503 205 571 licet,
219 521 299 574 supra
313 503 422 558 dorsum
447 519 535 557 meum
554 502 754 571 fabricaverunt
771 504 930 572 peccatores,
984 511 1018 551 ex
1033 496 1112 554 hono
1135 498 1213 567 feuo,
1227 501 1315 555 velex
1330 517 1422 557 messe
1437 501 1714 575 aliquandoteutum
1729 505 1786 562 col·

127 592 364 649 antonomastice.
378 592 554 647 Perdorsum
566 586 931 660 daturiutelligi,quouiam
981 583 1061 656 liget,
1072 590 1104 642 ut
1118 586 1185 642 iude
1200 605 1311 643 manum
1327 588 1457 661 impleat,
1487 590 1642 663 aliquando
1667 596 1785 652 tautum

126 683 155 735 et
170 698 256 753 super
268 684 372 737 caetera
385 681 519 736 membra
531 680 752 736 fabricaverunt.
768 678 840 733 Cum
849 675 932 748 pouit
980 677 1012 728 ut
1026 674 1146 746 impleat
1156 679 1253 732 sinum.
1266 677 1348 742 Quod
1361 677 1523 752 estdicereJ:
1537 681 1615 737 Adeo
1629 686 1672 738 est
1683 682 1786 739 inutile

125 786 204 840 supra
228 770 338 825 dorsum
352 770 563 839 fabricaverunt,
581 769 699 825 denotat
716 765 931 824 vehementiam
980 763 1081 819 lenum
1097 765 1167 821 illud
1183 769 1324 822 tectomm
1334 769 1410 840 quod
1422 769 1516 824 nullus
1524 785 1558 824 ex
1569 786 1603 825 eo
1617 771 1728 827 curabit
1736 789 1786 845 pa·

125 858 355 930 flagellationum
365 876 372 927 ;
382 856 932 930 quodita,scilicetjugiteretvehemen·
980 868 1045 907 rum
1056 853 1201 926 colligere,
1217 858 1249 910 ut
1258 854 1325 911 inde
1334 855 1454 928 impleat
1466 874 1587 926 manum,
1601 861 1644 914 vel
1659 862 1784 934 multum

124 948 239 1020 terejus
252 947 440 1020 flagellationi
456 951 637 1009 vacaverunt,
658 945 931 1018 sicut'fnbricatores
980 942 1116 1014 colligere
1131 946 1162 999 ut
1177 944 1295 1017 impleat
1310 945 1378 1002 inde
1390 948 1488 1002 sinum.
1502 946 1737 1005 Similiteretiam
1747 949 1784 1006 de

125 1035 174 1107 qui
202 1036 448 1108 vehomenteret
472 1035 583 1091 assidue
609 1036 745 1091 incudem
765 1033 876 1089 malleis
899 1031 930 1088 in
980 1030 1180 1101 peccatoribus
1196 1032 1355 1105 continget.
1364 1033 1786 1110 Comenimangeliquiadme·

124 1122 315 1180 fabricatione
332 1123 522 1179 contendunt.
534 1125 659 1179 Deuotat
671 1139 796 1195 quoque,
806 1139 858 1194 per
866 1121 931 1176 dor·
981 1119 1101 1174 tendum
1113 1120 1211 1178 fideles
1224 1122 1352 1196 dispositi
1360 1126 1437 1191 suut,
1449 1124 1590 1195 quosdam
1598 1124 1785 1199 siccolligunt

125 1227 200 1278 sum,
218 1213 295 1284 quod
318 1229 384 1284 pars
398 1215 441 1266 est
461 1213 600 1284 corporis,
616 1211 695 1284 quad
709 1228 776 1266 eum
790 1211 884 1266 solum
899 1209 930 1265 iu
980 1206 1016 1262 de
1031 1207 1084 1265 hac
1099 1210 1166 1278 vita,
1178 1212 1210 1266 ut
1221 1227 1324 1282 parum
1333 1211 1412 1284 quid,
1429 1212 1526 1268 minus
1540 1213 1693 1286 perfectos,
1708 1214 1786 1271 scili·

125 1315 246 1371 corpore
262 1300 515 1372 impugnaverunt;
531 1303 560 1355 et
574 1300 623 1373 qui
633 1299 741 1372 aliquid
749 1299 779 1354 iu
801 1298 863 1370 ipsa
877 1298 931 1353 im·
980 1299 1025 1351 cet
1035 1313 1052 1351 a
1064 1298 1253 1355 similitudine
1265 1300 1401 1356 metentis
1412 1301 1520 1374 aliquid
1535 1318 1638 1374 pamm
1653 1303 1690 1359 de
1702 1304 1782 1374 feno,

125 1387 303 1460 pugnatione
311 1387 503 1456 effecerunt,a
519 1387 928 1453 similitudinefabricantium,
980 1385 1023 1439 vel
1039 1384 1074 1440 de
1089 1402 1192 1455 messe,
1207 1387 1321 1444 atinde
1336 1405 1457 1444 manum
1479 1389 1621 1460 impleat;
1641 1392 1783 1464 quosdam

124 1474 297 1548 qui'aliquid
312 1476 481 1532 fabricando
491 1476 629 1532 efficiunt.
980 1489 1047 1528 vero
1060 1475 1099 1529 sie
1110 1475 1259 1548 colligunt,
1273 1481 1305 1533 ut
1320 1495 1461 1551 magnum
1471 1479 1541 1551 quid
1552 1479 1695 1552 perfectos
1707 1480 1783 1537 scili·

160 1562 928 1638 Ostenditergoquidperimpuguationcmeffecerunt,
979 1566 1025 1616 cet
1039 1580 1055 1617 a
1070 1563 1256 1621 similitudine
1271 1568 1393 1623 multum
1410 1567 1446 1622 de
1460 1568 1539 1634 feno,
1559 1567 1604 1623 vel
1628 1567 1664 1622 de
1691 1584 1784 1626 messe

125 1651 259 1707 addendo
271 1652 329 1708 sic:
346 1652 568 1716 Fabricaoerunt,
578 1654 711 1726 inquam,
726 1669 807 1724 supra
823 1653 930 1707 dorsum
981 1653 1128 1722 metensis,
1137 1658 1168 1710 ut
1181 1653 1249 1711 inde
1258 1658 1347 1710 sinum
1357 1656 1492 1729 implesti
1502 1657 1677 1728 perfectores
1688 1673 1783 1730 nequo

123 1759 221 1809 menen,
246 1745 275 1796 et
303 1742 473 1798 fabricando
507 1744 736 1814 prolongaverunt
763 1711 1316 1814 iniquitatanBcolligeut,'utparvum
1339 1761 1432 1816 neque
1449 1746 1643 1816 utmaguum.
1664 1744 1781 1802 Etideo

123 1848 212 1894 suarm,
228 1831 335 1886 scilicet
350 1848 417 1887 cum
432 1848 534 1888 eorum
557 1831 693 1903 iniquitas
714 1847 823 1903 magna
844 1833 927 1898 esset,
980 1845 1038 1884 uon
1053 1831 1234 1903 colligentur,
1251 1833 1318 1905 quia
1332 1833 1372 1888 illi
1384 1836 1433 1906 qui
1443 1834 1625 1904 preteribant,
1643 1832 1782 1905 predica·

124 1918 241 1992 quando
260 1922 353 1977 solam
368 1920 515 1976 habebant
534 1920 726 1993 impugnandi
738 1921 927 1990 voluntatem,
978 1916 1177 1984 tores,scilicet
1190 1919 1239 1991 qui
1252 1920 1417 1975 arantheus
1428 1919 1515 1975 vitam
1530 1922 1738 1991 pretereuntes
1752 1919 1782 1975 et

122 2025 188 2063 curn
200 2009 262 2080 jam
271 2010 446 2081 flagellando
460 2025 541 2082 ncpra
555 2010 661 2064 dorsum
676 2026 764 2064 meum
777 2010 926 2079 [atriense-
978 2007 1361 2075 contemnentes,tendeuda
1377 2008 1415 2064 ad
1429 2007 1565 2081 patriam,
1578 2023 1638 2064 non
1654 2008 1716 2079 ejus
1731 2025 1781 2063 vo·

122 2101 185 2153 runt
202 2138 208 2164 ‚
225 2101 293 2152 tunc
308 2099 476 2169 iniquitatem
489 2116 565 2153 suam
577 2098 806 2169 prolongaverunt
822 2139 829 2163 ‚
843 2097 928 2153 idest
976 2092 1134 2165 luptatibus
1153 2096 1344 2165 adherentes,
1364 2114 1418 2151 non
1442 2096 1565 2152 dixerunt
1577 2095 1633 2152 illis
1647 2098 1780 2169 peccato·

122 2186 265 2257 majorem
286 2186 428 2241 fecerunt.
454 2188 538 2258 Pejus
566 2187 645 2242 enim
674 2189 717 2241 est
740 2186 926 2242 malefacere
976 2180 1066 2248 ribus,
1084 2183 1226 2239 benedictio
1240 2184 1363 2253 Domini,
1387 2184 1416 2240 id
1430 2188 1473 2240 esi.
1485 2183 1665 2241 exaltabote
1681 2184 1738 2242 fide
1750 2185 1781 2244 et

122 2290 210 2346 quem
218 2277 341 2330 tamtum
349 2275 425 2331 male
436 2277 518 2330 velle.
527 2277 575 2330 list
583 2279 678 2330 autem
688 2275 838 2346 posituma
849 2274 926 2329 simi·
975 2268 1126 2327 virtutibus
1141 2288 1158 2326 ι
1173 2273 1232 2328 Deo
1248 2273 1326 2343 data,
1337 2273 1374 2329 sit
1385 2290 1464 2346 saper
1475 2290 1530 2330 aas.

119 2361 241 2417 litudino
253 2361 332 2430 ferri,
351 2364 393 2417 vel
410 2364 562 2434 cujuslibet
575 2363 650 2430 aeris,
665 2363 742 2434 quod
755 2362 924 2419 fabricando
1011 2358 1175 2415 Notandum
1182 2362 1260 2432 quod
1274 2367 1302 2418 et
1310 2379 1378 2418 voce
1386 2364 1415 2418 et
1425 2362 1576 2418 allectione
1586 2361 1622 2417 de
1631 2360 1778 2430 omnibus,

120 2451 312 2522 prolongatur
332 2455 361 2506 et
374 2451 549 2513 extenditur,
563 2452 635 2506 Cum
660 2451 731 2506 dicit
757 2453 925 2524 iniquitatem
975 2448 1036 2501 tam
1052 2447 1134 2503 b011i3
1149 2465 1237 2520 quam
1252 2449 1358 2524 impiis,
1370 2449 1513 2518 dixerunt,
1530 2453 1562 2505 ut
1576 2466 1662 2522 ³⁰90?
1676 2465 1779 2506 ⁰¹1¹ssOE

119 2540 335 2610 persecutorum
355 2541 570 2612 prolongatam,
591 2557 624 2595 ex
635 2539 767 2612 opposito
782 2540 866 2594 docet
880 2539 924 2595 sui
974 2534 1137 2591 benedictio
1153 2537 1204 2592 Dei
1217 2542 1301 2608 esset.
1321 2539 1411 2595 Aliter
1429 2539 1509 2595 euim
1524 2537 1643 2612 perfecti
1659 2553 1718 2593 nou
1733 2554 1779 2594 es·

117 2625 488 2699 ipsiuspatientisjustitiam
497 2644 550 2701 per
562 2627 923 2684 eamdcmfabricationem
974 2628 1049 2687 sent,
1066 2642 1132 2680 cum
1145 2628 1286 2684 Dominus
1301 2627 1396 2685 dicat:
1411 2651 1425 2678 «ι
1441 2629 1526 2684 Orate
1541 2642 1592 2701 pro
1605 2642 1779 2700 persequen-

117 2716 331 2788 prolongatam.
340 2716 483 2780 Quoniam
494 2733 564 2788 ergo
574 2718 805 2786 fabricaveruntet
813 2717 921 2788 prolon-
973 2711 1048 2767 tibus
1063 2717 1093 2768 et
1106 2716 1349 2771 calumniantibus
1360 2734 1411 2772 ros
1420 2715 1530 2781 (Matri.
1547 2732 1589 2783 ru,
1602 2714 1674 2786 44).»
1690 2713 1779 2770 cete·

116 2813 258 2874 paverunt,
266 2804 578 2877 Dominusqui,cumsit
589 2804 728 2861 Dominus
736 2805 922 2877 amnipotens
973 2817 1037 2855 rum
1047 2818 1113 2857 cum
1126 2803 1197 2858 dixit
1211 2821 1217 2858 :
1229 2804 1295 2859 Nan
1306 2805 1430 2860 dicerunt
1441 2803 1776 2860 Benecdictiollominisa·

117 2896 160 2947 est
175 2900 200 2947 et
218 2893 319 2964 justus,
339 2897 368 2949 et
395 2893 459 2949 ideo
482 2893 625 2964 justitiam
648 2894 742 2949 facere
765 2893 861 2959 debet,
891 2892 921 2947 in
968 2903 1017 2959 per
1032 2906 1086 2969 aas,
1110 2892 1318 2962 compendiosa
1336 2892 1441 2966 positio
1467 2894 1520 2960 est,
1541 2909 1575 2948 ac
1596 2891 1619 2947 si
1642 2891 1774 2946 diceret:

116 2979 213 3037 futuro
226 2983 343 3037 concidet
355 2984 648 3053 cervicespeccatorum,
658 2981 687 3037 id
698 2984 740 3037 est
752 2981 883 3037 concidet
892 2983 921 3036 et
935 2986 961 3055 α
973 2976 1035 3031 Nan
1058 2979 1201 3043 dicerunt,
1222 2981 1249 3035 id
1265 2985 1309 3036 est
1329 2981 1406 3037 dicto
1418 2979 1632 3052 praedicationis
1641 2995 1699 3035 sue
1714 2994 1773 3036 nou

116 3067 145 3122 in
161 3071 303 3126 eternum
321 3071 448 3126 destruet
462 3071 539 3141 ipsos
551 3074 716 3144 peccatores
731 3074 849 3144 propter
863 3085 919 3126 cer·
971 3066 1148 3135 effecerunt,
1167 3073 1199 3124 ut
1217 3069 1358 3125 veraciter
1384 3069 1479 3125 dicere
1498 3071 1617 3141 possent
1631 3066 1773 3124 bendictio

115 3172 194 3234 uices,
208 3158 237 3213 id
248 3161 291 3213 est
303 3163 422 3232 propter
445 3159 655 3214 cervicositates
672 3174 786 3225 eorum,
814 3156 920 3213 scilicet
969 3154 1081 3210 Domini
1094 3155 1123 3211 in
1139 3155 1196 3212 fide
1211 3159 1240 3214 et
1255 3156 1405 3212 virtutibus
1426 3157 1502 3212 facta
1524 3159 1567 3212 est
1589 3172 1667 3227 super
1680 3167 1736 3220 aas,
1753 3168 1770 3208 o

115 3249 237 3318 propter
258 3248 406 3319 superbias
434 3266 498 3320 quae
525 3265 577 3320 per
600 3249 725 3304 cervices
750 3247 917 3318 intelligun·
969 3247 1143 3315 peccatores.
1161 3245 1244 3311 Quod
1256 3250 1299 3302 est
1312 3246 1423 3302 dicere:
1442 3248 1496 3302 Per
1506 3246 1583 3301 dictu
1592 3242 1771 3318 predicatio·

114 3333 171 3401 tur,
200 3352 234 3391 eo
255 3336 377 3408 quadiu
394 3337 536 3393 cervicum
552 3339 710 3393 elevatione
730 3337 916 3392 denotantur.
969 3331 1013 3386 uis
1024 3349 1081 3388 suae
1092 3350 1151 3389 uon
1171 3337 1329 3406 potuerunt
1346 3350 1394 3390 eos
1408 3333 1509 3390 adhoc
1524 3331 1662 3389 bonitatis
1678 3330 1769 3387 addu-

113 3419 153 3475 Ne
190 3440 257 3480 vero
283 3428 448 3497 peccatores
476 3426 690 3491 concidantur,
717 3425 917 3495 confundantur
968 3435 1032 3475 cere
1047 3423 1078 3475 ut
1101 3422 1180 3494 digni
1195 3423 1399 3480 essentdivina
1420 3421 1630 3478 benedictione.
1647 3419 1770 3491 Exponit

111 3509 191 3566 hona
205 3513 401 3568 erubescentia
417 3515 452 3569 de
469 3514 594 3588 superba
610 3498 708 3585 527
725 3515 837 3570 ιιιιοιιι
852 3530 914 3581 sua,
967 3511 1063 3563 autem
1081 3512 1228 3582 quomodo
1239 3513 1280 3567 cis
1295 3528 1355 3568 non
1368 3511 1589 3577 benedixerunt,
1603 3509 1642 3565 sic
1658 3525 1665 3563 ι
1682 3508 1765 3564 Dico:

111 3606 136 3654 et
162 3600 201 3656 sic
229 3609 398 3656 convertatur
427 3610 570 3658 retrorsum
592 3606 655 3675 post
683 3620 760 3670 nos,
789 3604 820 3657 ut
849 3601 914 3657 imi·
965 3595 1163 3653 Nondieerwtt
1180 3616 1187 3654 ζ
1204 3599 1348 3655 Benedicta
1366 3601 1479 3655 Domini
1491 3617 1568 3670 maier
1583 3614 1636 3665 vot,
1660 3596 1768 3652 scilicet

112 3691 219 3745 latores
246 3691 336 3746 nostri
371 3691 443 3747 fiant
481 3710 568 3746 enarres
607 3692 646 3746 illi
676 3691 839 3762 peccatores
866 3690 915 3763 qui
966 3701 1025 3739 nou
1041 3685 1191 3742 dixerunt:
1208 3687 1398 3744 Benedirimus
1416 3687 1490 3744 vobis
1504 3685 1602 3758 positis
1615 3686 1647 3740 in
1661 3685 1767 3739 nomme

124 3779 235 3834 oderunt
247 3779 324 3849 Sion,
341 3779 370 3835 id
385 3781 486 3853 estqui
498 3797 555 3836 non
567 3779 726 3846 exmerito,
739 3780 788 3834 sed
800 3796 833 3833 ex
846 3777 912 3833 odio
963 3771 1084 3842 Donn’oi,
1100 3773 1129 3830 id
1145 3779 1187 3831 est
1202 3777 1278 3832 dicto
1298 3775 1510 3848 predicationis
1530 3791 1587 3829 sua
1608 3771 1638 3827 iu
1658 3771 1699 3827 eis
1720 3771 1764 3827 iu·

110 3867 252 3939 persecuti
260 3871 328 3923 suut
338 3886 390 3924 uos
403 3869 557 3925 existentes
571 3869 649 3925 Sion.
665 3869 737 3933 Quia
749 3868 771 3925 si
785 3867 912 3923 converti
964 3860 1072 3917 duratis
1086 3880 1145 3920 nan
1159 3864 1316 3920 effecerunt
1326 3865 1392 3932 boc,
1409 3868 1440 3920 ut
1449 3862 1587 3919 veraciter
1596 3861 1691 3918 dicere
1701 3875 1765 3931 pos·

110 3955 267 4024 noluerint,
283 3958 409 4013 coricedo
423 3958 459 4013 de
472 3958 513 4012 eis
527 3959 604 4031 quod
612 3958 722 4028 justum
738 3960 790 4022 est,
806 3955 912 4010 scilicet
964 3953 1037 4018 sent,
1053 3968 1106 4007 nas
1123 3953 1301 4010 benedicimus
1313 3953 1398 4020 uobis,
1411 3951 1441 4008 id
1453 3953 1496 4008 est
1505 3948 1691 4007 exaltavimus
1703 3964 1762 4017 vos,

108 4043 176 4110 fiant
187 4044 265 4114 justo
288 4045 395 4116 judicio
426 4045 476 4102 Dei
491 4046 563 4102 aridi
576 4047 613 4101 ab
628 4045 709 4101 omni
725 4045 828 4100 virtute
842 4045 911 4098 ante
962 4037 1069 4094 scilicet
1080 4040 1186 4096 fuimus
1208 4058 1293 4097 causa
1314 4057 1403 4113 quare
1417 4034 1616 4097 exaltaremini
1639 4053 1698 4104 vos,
1714 4052 1764 4109 po·

109 4132 243 4200 quamde
257 4134 555 4190 hacvitaevellantur.
570 4136 603 4189 Et
616 4131 908 4207 nouquoquomodo.
961 4127 1057 4182 nendo
1069 4145 1118 4185 vos
1134 4146 1187 4202 per
1204 4129 1441 4202 pradicationem
1459 4131 1590 4186 uestram
1608 4129 1636 4181 in
1657 4125 1763 4180 nomine

109 4217 159 4271 sed
173 4228 241 4273 sicut
254 4223 348 4290 sentim
373 4230 511 4289 tectarum,
540 4224 611 4296 qrrod
632 4226 789 4296 priusquam
807 4222 843 4277 ab
858 4220 910 4276 ali-
959 4215 1079 4286 Domini,
1104 4217 1133 4273 id
1148 4221 1316 4276 carbonara
1332 4218 1578 4288 00111511b⁸fi¹i⁰t³t
1597 4215 1696 4271 h⁰⁶i¹¹
1711 4228 1760 4268 '⁰'

109 4322 166 4376 quo
187 4307 324 4376 evellatur,
339 4327 372 4364 cx
385 4313 446 4367 tota
461 4314 534 4365 aruit
549 4328 600 4382 per
624 4329 664 4373 se,
681 4313 781 4383 utpote
797 4311 908 4366 nullum
958 4302 1003 4358 bis
1017 4304 1175 4363 efficientes
1187 4307 1382 4379 praedicando,
1395 4310 1426 4364 ut
1436 4305 1542 4364 honori
1554 4301 1669 4360 Domini
1681 4315 1762 4355 vaca·

108 4393 218 4450 babens
230 4397 316 4451 terrae
332 4396 565 4454 tundamentum.
580 4397 626 4453 Sic
639 4401 668 4453 et
683 4398 736 4470 ipsi
748 4414 826 4464 vera,
842 4398 908 4453 fun·
958 4394 1038 4450 retis.
1054 4394 1136 4459 Quod
1150 4399 1193 4450 est
1204 4396 1300 4452 dicere
1315 4414 1322 4452 ι
1343 4397 1405 4451 Nou
1419 4395 1576 4468 potuerunt
1592 4388 1692 4446 cased
1705 4389 1761 4443 hoc

109 4481 246 4538 demente
262 4484 375 4540 Christo
396 4488 538 4553 carentes,
554 4484 643 4542 etiam
656 4486 687 4541 in
701 4485 759 4540 vita
771 4486 908 4557 degentes
958 4481 1164 4552 predicatione
1178 4499 1229 4538 sua
1244 4483 1447 4556 predicatores
1459 4481 1602 4536 adducere
1621 4481 1652 4534 ιιι
1666 4477 1759 4533 Deum

107 4568 228 4627 interius
241 4577 419 4628 exarescant,
436 4574 489 4628 Per
504 4575 560 4630 hoc
575 4580 672 4629 autem
691 4573 786 4629 euseb
801 4571 907 4645 iniqui·
958 4566 1033 4623 bene
1049 4568 1168 4625 visendo
1183 4570 1374 4639 honorarent,
1390 4572 1420 4624 et
1441 4569 1481 4624 sic
1503 4568 1539 4624 ab
1554 4583 1588 4624 00
1605 4566 1758 4624 benedict·

107 4662 166 4714 tate
181 4675 283 4716 eorum
296 4660 433 4716 deterret.
442 4661 513 4717 Cum
525 4661 593 4718 dicit
596 4665 755 4735 priusquam
769 4660 905 4729 evelletur,
955 4657 1067 4715 rentur.
1513 4671 1521 4682 ⁶

106 4745 202 4803 innuit
214 4752 378 4821 peccatores
391 4749 426 4804 de
436 4750 554 4807 hacvita
563 4768 623 4807 non
636 4749 905 4822 volentesmigrare,
1187 4749 1222 4803 ιιι
1241 4747 1403 4806 PSAleUll
1421 4749 1527 4806 cxxllb

105 4834 176 4890 sicul
187 4836 291 4907 justos,
305 4840 355 4894 sed
368 4840 530 4896 evellendas
545 4857 616 4908 esse,
632 4840 661 4895 id
677 4843 720 4895 est
733 4840 759 4895 ιι
779 4840 905 4913 quadam
993 4837 1101 4894 Titulus
1116 4838 1267 4894 centesimi
1283 4837 1410 4896 vicesimi
1424 4840 1503 4897 noni.
1528 4837 1672 4895 Canticum
1691 4851 1756 4907 pra·

104 4925 296 4981 extrahendos
309 4927 531 4983 esseetinvitos.
956 4928 1048 4982 duurn.
1066 4926 1186 4983 Ostensa
1210 4927 1322 4983 decimo
1345 4928 1447 4999 graden
1468 4926 1629 4983 constantia
1653 4925 1759 4982 scilicet

139 5011 234 5079 Fiant,
255 5014 385 5085 inquam,
409 5017 478 5070 sicat
502 5017 596 5086 senum
623 5023 761 5072 tectorum.
786 5017 828 5073 De
854 5035 905 5091 quo
956 5033 1021 5089 que
1035 5017 1218 5073 habeudaest
1230 5016 1260 5072 iu
1273 5016 1469 5084 tribulatione,
1479 5016 1515 5072 de
1531 5014 1684 5071 undecimo
1695 5029 1759 5087 per·

104 5098 181 5168 fena,
193 5101 241 5173 qui
255 5101 356 5156 inutile
370 5105 422 5169 est,
438 5120 491 5160 non
506 5106 622 5175 implebit
638 5123 749 5161 inanum
762 5125 838 5161 sicam
860 5109 908 5180 qui
955 5104 1023 5161 fecti
1038 5104 1067 5161 iu
1081 5105 1212 5180 sequenti
1224 5107 1334 5178 psalmo
1350 5109 1451 5179 agunt,
1466 5104 1572 5160 scilicet
1582 5104 1617 5159 de
1631 5104 1758 5160 elamore

104 5194 193 5255 metet,
210 5189 239 5244 id
267 5195 310 5245 est
325 5208 435 5247 messor
450 5193 588 5248 messium
600 5195 692 5266 spicas
717 5198 746 5250 et
761 5196 817 5251 alia
839 5196 908 5252 fena
956 5193 1083 5263 intenso,
1106 5195 1156 5267 qui
1174 5195 1325 5251 habendus
1348 5199 1391 5250 est
1413 5195 1451 5250 ad
1473 5196 1564 5250 Deum
1587 5194 1623 5249 ab
1647 5192 1692 5248 his
1710 5193 1760 5266 qui

104 5275 186 5332 utilia
201 5275 348 5347 colligens,
378 5296 436 5334 non
452 5280 567 5351 colliget
582 5297 616 5336 ex
627 5282 681 5337 hoc
696 5282 764 5337 feno
777 5283 906 5355 aliquan·
957 5282 988 5339 iu
1003 5283 1156 5356 profundis
1176 5283 1394 5339 tribulationum
1414 5285 1490 5352 sunt,
1505 5299 1542 5338 ne
1557 5282 1696 5339 Dominus
1709 5300 1761 5356 pa·

104 5364 198 5418 tulum
215 5367 246 5418 ut
260 5363 456 5421 indcmanum
467 5367 596 5439 impleat.
606 5368 644 5423 Et
654 5386 713 5425 non
729 5370 861 5441 implebit
875 5389 909 5427 ex
959 5371 1048 5427 tiator
1062 5388 1111 5427 cos
1126 5371 1262 5439 deficere,
1274 5371 1453 5426 observando
1469 5369 1634 5443 iniquitates
1648 5386 1765 5430 eorum.

105 5454 241 5509 eosirnon
267 5469 345 5506 sirum
371 5454 418 5508 ille
443 5458 490 5526 qui
514 5456 665 5528 manipulos
689 5458 806 5513 alterius
833 5459 910 5515 utilis
963 5459 1016 5525 Qui
1030 5460 1148 5533 quidem
1174 5460 1341 5527 deficerent,
1370 5461 1393 5517 si
1408 5443 1507 5530 528
1523 5464 1597 5520 Deus
1613 5460 1773 5520 velletiui-

106 5540 172 5600 feni
184 5541 227 5599 rel
240 5541 378 5599 messium
400 5543 512 5615 cotlr'ret,
529 5543 559 5602 id
573 5549 616 5605 cst
629 5562 688 5604 non
704 5546 819 5621 colliget
844 5547 912 5607 indo
964 5549 1087 5623 quitates
1101 5564 1202 5607 aarum
1222 5549 1373 5608 observare
1391 5549 1428 5607 ad
1446 5549 1650 5610 ulcismndum.
1668 5548 1781 5615 Nullus
