3772 5976
107 300 161 374 tlt
606 304 785 377 mrosmo
803 309 839 376 IN
858 304 1069 376 essenos·
1082 308 1180 375 rsit.
1195 306 1274 376 Xth
1717 302 1771 377 ut

106 430 172 493 dete
183 424 327 506 uertetetu
343 425 394 494 sed
403 428 563 511 quiaeausa
577 430 830 497 determinationis
837 435 917 496 dixe·
928 443 956 504 Α
969 439 1027 496 sive
1043 435 1185 513 gentium,
1201 436 1231 496 in
1245 453 1302 513 qna
1326 449 1434 496 nomen
1448 431 1500 497 no
1519 451 1578 496 non
1593 432 1778 515 praedicaturi

106 526 249 583 ratomar'a
258 524 354 597 pluria,
372 529 438 593 etc,
456 542 493 582 ne
505 529 532 581 in
547 527 615 583 solis
632 529 745 598 fimbriis
752 528 920 585 crederetur
973 528 1123 602 Propterea
1136 545 1204 585 vero
1219 528 1287 602 quia
1300 527 1353 584 sslii
1367 530 1453 585 erunt
1463 544 1607 585 memores
1620 529 1778 603 praedican-

107 614 245 688 gloriosa,
261 615 316 670 hoc
332 616 447 687 repetit.
461 616 510 670 Vel
526 619 682 687 potestboc
693 619 837 674 diversum
848 635 919 686 esse,
972 618 1021 685 do,
1031 619 1128 690 populi
1142 618 1308 674 ludaeorum
1324 618 1491 691 etgentium
1507 619 1704 688 confitebuntur
1716 619 1775 680 titt,

107 703 235 761 aictltixi
250 704 329 777 quod
348 705 435 774 ylario
458 706 523 775 filia
558 709 625 777 repis
648 707 704 763 erit
725 708 759 762 ob
780 710 860 775 intus,
891 710 921 762 et
970 707 999 762 id
1015 712 1067 775 est,
1082 708 1282 764 laudabuntte
1298 709 1454 776 credendo,
1470 710 1498 762 in
1516 714 1654 777 arternum,
1680 709 1775 778 idest,

108 792 197 848 etiam
213 791 275 863 ipsa
301 792 432 847 illiserit
448 796 660 862 circumamicta,
690 795 720 850 id
742 798 785 849 est
805 797 919 849 circuen-
969 796 1097 869 quandiu
1110 797 1236 852 mundus
1250 797 1303 852 istc
1320 798 1446 865 durabit,
1460 799 1584 870 usquein
1597 800 1776 855 caecutuenee·

106 879 383 948 (testamentalibus,
409 881 438 935 id
466 885 508 936 est
545 882 630 962 variis
658 883 793 954 gentibus
816 898 822 937 :
844 881 918 954 quiae
969 885 1024 940 culi
1037 885 1122 956 hujus
1137 886 1360 941 subsecutivum.
1377 888 1475 941 Potest
1488 887 1574 942 etiam
1591 888 1778 958 psalmusiste

107 968 307 1042 ejusaxemplo
316 969 445 1037 credent,
454 971 919 1027 etcamadornabuntadmodum
968 974 1026 1045 legi
1042 975 1070 1028 in
1078 990 1203 1045 persona
1216 976 1382 1048 Prophetae,
1394 979 1426 1030 ut
1439 974 1552 1049 planior
1561 976 1726 1044 sitlectio‚si
1736 993 1779 1034 so·

106 1057 241 1121 vestium,
258 1074 322 1131 qua
333 1058 539 1114 circumdando
553 1075 666 1131 corpus,
679 1059 823 1115 adornant
836 1058 917 1114 illud.
968 1063 1120 1118 lummodo
1128 1064 1251 1119 duorum
1259 1081 1392 1119 versuum
1401 1065 1779 1138 primorumexpositiomu-

108 1147 366 1219 Quaereretaliquis
379 1164 385 1202 :
399 1148 551 1212 Quomodo
562 1148 618 1203 erit
629 1150 919 1205 cc'reumanu'etccere'e-
968 1153 1055 1205 tetur.
1077 1150 1105 1205 Si
1133 1153 1230 1206 autem
1249 1151 1279 1206 in
1300 1152 1449 1225 prophetae
1466 1169 1590 1225 persona
1611 1154 1776 1227 accipiatur,

107 1237 343 1309 totidusgentium
355 1237 369 1292 ‘t
379 1237 423 1291 Ah
439 1237 493 1292 hoc
509 1238 666 1310 respondet
681 1238 720 1294 sic
735 1239 794 1292 :lta
807 1240 920 1293 circum·
968 1237 1775 1315 uonagitdeineflabiligenituraverbi‚quomadmodum

107 1328 208 1380 amicte
223 1325 481 1382 eritcrfdducentur
495 1326 603 1381 scilicet
618 1343 670 1398 per
686 1327 849 1382 doctrinam
865 1328 917 1382 Pa·
969 1325 999 1381 in
1011 1342 1136 1400 persona
1152 1328 1243 1383 Patris
1256 1329 1425 1401 agitur;sed
1438 1330 1578 1401 inprimis
1588 1332 1699 1387 duobus
1713 1349 1777 1387 ver·

107 1416 197 1481 uum,
214 1413 241 1469 id
258 1417 301 1469 est
315 1416 525 1486 apostolorum,
543 1418 609 1486 cepi,
624 1416 709 1471 idest
724 1416 836 1471 Christo
849 1415 918 1471 Filio
968 1414 1046 1470 sibus
1060 1416 1141 1488 quasi
1157 1418 1331 1490 prooemium
1346 1417 1424 1485 facit,
1441 1422 1472 1474 ut
1486 1420 1630 1475 auditores
1640 1420 1777 1475 attentio-

107 1519 186 1570 meo,
197 1509 259 1575 post
272 1520 330 1557 eam
345 1503 489 1575 reginam,
516 1504 579 1559 aliae
595 1506 709 1574 uirpines
724 1504 759 1558 de
774 1505 917 1575 gentibus,
969 1518 1015 1557 res
1029 1504 1323 1578 reddat:proponens
1339 1506 1415 1561 uude
1430 1505 1460 1561 iu
1481 1508 1537 1563 hoc
1549 1512 1724 1580 opereagat;
1741 1510 1777 1566 de

107 1589 138 1648 id
153 1595 205 1658 est,
222 1590 321 1647 fideles
328 1592 434 1647 animae
449 1609 513 1665 quae
528 1595 614 1648 erunt
626 1593 799 1665 incorruptae
810 1593 839 1647 in
850 1593 918 1660 ilde,
968 1609 1037 1665 rege
1054 1594 1171 1661 scilicet,
1186 1595 1263 1649 idest
1273 1594 1620 1652 Christoantonomastice
1631 1614 1709 1671 rege.
1727 1597 1778 1654 Cui

107 1680 146 1736 ad
172 1680 293 1736 modum
324 1680 468 1753 virginum
497 1698 561 1754 quoe
585 1681 757 1754 incorruptae
793 1685 860 1736 sunt
889 1682 918 1736 in
968 1686 1069 1754 postea
1083 1699 1142 1738 non
1156 1682 1335 1739 adhortative
1346 1700 1440 1755 neque
1452 1684 1631 1759 imperative,
1647 1687 1696 1741 sed
1708 1702 1778 1742 con·

107 1784 230 1842 corpore
241 1785 247 1824 :
258 1773 288 1824 et
299 1769 368 1842 ipsae
383 1772 500 1840 uirqinee
515 1786 575 1825 non
601 1773 687 1824 eruut
701 1769 803 1825 aliene
819 1786 919 1825 acon·
931 1765 957 1824 B
970 1772 1073 1827 cessivc
1090 1776 1119 1827 et
1132 1771 1313 1843 deprecative
1330 1772 1398 1829 dicit
1414 1775 1444 1827 ut
1458 1774 1554 1845 gladio
1565 1775 1779 1847 praedicationis

107 1855 267 1923 formitate,
281 1855 333 1910 etsi
342 1856 506 1911 sintalienoe
522 1856 551 1910 in
563 1873 681 1928 genere.
704 1856 761 1913 Sed
775 1856 843 1930 ipsae
857 1874 921 1929 pro-
970 1863 1147 1934 accingatur.
1174 1862 1236 1917 Non
1252 1862 1332 1918 enim
1361 1867 1494 1918 creatura
1517 1864 1664 1921 adhortari
1690 1866 1776 1922 debet

106 1946 188 1999 sima
200 1944 261 2015 ejus
274 1945 688 2013 existentesinconformitate,
702 1947 907 2017 efferenturtibi
970 1951 1148 2020 Creatorem,
1163 1951 1281 2025 ignarus
1291 1950 1778 2026 scientem,nequellominoservus

105 2033 138 2089 id
152 2037 205 2102 est,
221 2034 373 2090 adcultum
387 2035 569 2102 honoristui,
585 2052 601 2091 o
616 2036 679 2100 Fili,
690 2052 743 2107 per
756 2035 920 2092 doctrinam
970 2037 1125 2112 imperare.

106 2123 237 2179 Petrum.
250 2125 398 2180 Benevero
408 2124 642 2196 debellarentur,
650 2128 682 2180 ut
693 2143 741 2181 eas
749 2125 920 2180 humiliores
1006 2127 1116 2184 Laudat
1125 2144 1192 2184 vero
1208 2131 1273 2200 post
1284 2126 1378 2200 ipsum
1400 2145 1513 2201 regem,
1534 2129 1665 2185 Ecclesiae
1689 2147 1776 2202 spou-

105 2210 204 2280 faciat,
218 2212 367 2269 innuendo
379 2231 494 2269 casron
509 2215 734 2286 posseaccedere
747 2231 920 2287 perse,cum
969 2233 1044 2284 sum,
1061 2216 1098 2271 ad
1112 2216 1332 2272 instructionem
1346 2218 1515 2272 nostramet
1529 2218 1776 2290 conformitatem,

107 2301 315 2358 debilessintin
332 2302 494 2373 intellectu;
511 2304 746 2376 sedperPatrum
756 2304 919 2360 doctrinam
970 2308 1002 2360 ut
1016 2305 1104 2360 etiam
1119 2321 1171 2361 nos
1186 2305 1223 2360 ad
1236 2304 1324 2376 ipsius
1339 2305 1455 2360 laudem
1470 2307 1583 2375 invitet,
1597 2308 1778 2382 dignumque

107 2391 265 2461 afferentur,
280 2407 361 2446 more
377 2391 496 2460 infirmi,
512 2392 560 2464 qui
568 2393 604 2447 ab
619 2393 675 2448 alio
683 2393 785 2460 fertur,
795 2409 920 2464 comper
968 2393 1053 2449 laude
1067 2410 1134 2448 eum
1150 2393 1293 2449 ostendat.
1308 2393 1418 2448 laudat
1434 2410 1549 2467 quoque
1565 2412 1701 2467 sponsam
1717 2397 1778 2469 ejus

107 2494 138 2533 se
159 2480 319 2552 nonpossit
347 2480 399 2535 ire.
417 2482 451 2535 Et
479 2482 523 2536 hee
548 2484 663 2553 viraines
688 2499 748 2537 non
773 2485 919 2554 afferentur
968 2482 1123 2552 Ecclesiam
1137 2482 1776 2556 primitivam,deancillareginametlectam,

106 2565 205 2623 invitae
228 2568 265 2623 ad
288 2572 316 2623 te
332 2570 400 2638 ;sed
423 2572 570 2642 efferentur
587 2572 786 2640 inlate'tie3et
809 2588 868 2626 uon
888 2571 918 2625 in
968 2571 1097 2627 utlaude
1129 2588 1180 2625 sua
1203 2574 1385 2626 commoveat
1423 2587 1489 2626 eam
1516 2573 1553 2628 ad
1575 2574 1770 2631 obediendum

107 2671 197 2728 parva
209 2656 319 2725 laetitia,
335 2657 384 2712 sed
408 2662 446 2726 et,
459 2659 487 2713 id
503 2662 546 2713 cst
560 2659 676 2724 scilieet,
692 2660 721 2713 in
732 2661 917 2727 exsultatione,
968 2660 1090 2734 Sponsa,
1103 2675 1154 2731 per
1169 2676 1255 2731 quem
1267 2676 1372 2732 sponsa
1382 2659 1568 2730 speciosaest.
1585 2662 1773 2726 Quemetiam

106 2744 138 2801 id
151 2748 195 2800 est
208 2744 237 2800 in
256 2746 383 2800 maxima
400 2747 505 2801 telleia.
517 2747 552 2802 Et
568 2748 729 2803 notandum
746 2749 874 2820 estquod
889 2749 918 2804 in
968 2747 1182 2804 adhortaturad
1192 2747 1370 2802 audiendum
1389 2763 1489 2802 vocem
1505 2748 1608 2819 Sponsi
1624 2752 1653 2805 et
1667 2752 1693 2806 ei
1707 2751 1775 2807 obe·

107 2833 162 2890 hac
172 2832 230 2888 vita
241 2833 281 2888 sic
293 2836 450 2906 offerentur.
466 2837 497 2890 ln
520 2835 618 2891 futuro
634 2839 731 2891 autem
755 2836 919 2891 adornentur
968 2837 1123 2904 diendum;
1139 2835 1230 2891 ssliam
1251 2852 1317 2891 eam
1333 2835 1624 2893 exatlectioneuimia
1634 2838 1777 2911 dicendo;

108 2925 166 2978 ate
178 2924 206 2976 in
222 2923 348 2995 temptum
358 2923 398 2977 tui
414 2926 493 2994 repis,
505 2924 535 2978 in
550 2925 727 2980 Hierusalem
741 2925 848 2981 scilicet
863 2941 920 2980 coe·
967 2928 1012 2981 vel
1025 2925 1067 2981 sui
1083 2925 1233 2996 Prophetae
1250 2925 1407 2979 secundum
1432 2924 1604 2994 doctrinam,
1629 2928 1671 2981 vel
1691 2925 1778 2999 ipsius

107 3009 221 3078 lestem,
239 3028 302 3084 quae
318 3016 361 3067 est
376 3014 517 3084 templum
532 3016 561 3067 ct
574 3014 713 3071 habitatio
729 3017 788 3069 tua.
811 3014 918 3069 Noton·
932 3053 955 3114 C
969 3013 1071 3070 Christi
1079 3013 1237 3069 secundum
1247 3012 1510 3084 regenerationem.
1521 3013 1778 3086 Enuntiatquoque

109 3101 180 3157 dum
191 3104 288 3156 autem
301 3101 521 3173 aequipollenter
534 3119 594 3157 csse
613 3102 704 3166 idom,
719 3104 918 3158 circumamicta
968 3102 1134 3177 prophetice
1142 3101 1273 3175 gentium
1283 3101 1414 3156 adssdem
1424 3102 1640 3171 adductionem,
1652 3119 1779 3177 perapo·

108 3191 292 3258 oorietatc'dus,
315 3194 344 3245 et
366 3191 531 3245 adducentur
555 3194 612 3262 νομί
624 3194 741 3263 eirpv'nes
750 3200 812 3264 post
834 3209 917 3247 eom:
968 3193 1256 3248 stolorumeteorum
1271 3188 1650 3261 filiorumproedicationem.
1662 3191 1779 3247 Eructa-

108 3278 160 3333 sed
179 3278 244 3333 ideo
256 3279 370 3351 reputit,
393 3282 433 3346 ul,
449 3279 588 3350 quoniam
602 3281 695 3352 magis
713 3298 760 3335 eas
768 3282 804 3337 ad
812 3282 866 3337 hoc
875 3283 917 3336 at·
967 3283 1005 3336 vit
1017 3298 1062 3335 cor
1086 3297 1173 3334 merem
1188 3278 1297 3333 verdum
1314 3278 1425 3346 donum3
1444 3278 1521 3350 quod
1538 3283 1580 3334 est
1594 3279 1688 3335 dicere
1701 3299 1709 3334 :
1722 3281 1778 3337 Cor·

108 3366 350 3434 trahit,ostendat
358 3367 540 3440 quodobhoc
549 3368 766 3425 adducenturin
775 3371 917 3442 templum
968 3386 1066 3425 meum
1077 3367 1215 3440 disposuit
1230 3366 1374 3439 loquendo
1389 3366 1643 3439 prolerrcverbum
1656 3369 1776 3426 bonum.

109 3456 224 3528 regiain
235 3456 376 3512 futurum.
968 3459 1023 3512 Per
1038 3458 1092 3512 hoc
1109 3473 1176 3511 vero
1186 3455 1264 3528 quod
1275 3455 1345 3510 dicit
1361 3455 1468 3522 donum,
1485 3455 1588 3510 invitat
1602 3473 1655 3512 nos
1672 3458 1708 3513 ad
1733 3459 1776 3531 ip·

146 3544 258 3601 Diceret
270 3545 373 3617 aliquis
389 3562 396 3600 :
411 3544 484 3601 Dicis
500 3545 578 3619 quod
593 3548 741 3617 offerentur
759 3549 817 3617 repe'
837 3549 919 3619 cirpi-
970 3562 1033 3601 sum
1051 3545 1172 3600 verbum
1189 3541 1345 3614 diligenter
1357 3543 1578 3611 attendendum,
1595 3545 1777 3616 quiabonum

111 3649 156 3689 nes
170 3649 222 3705 per
232 3633 392 3689 doctrinam
405 3636 535 3690 Petrum.
552 3635 634 3699 Quod
644 3651 742 3690 verum
758 3652 818 3691 esse
829 3636 919 3691 confl-
970 3635 1022 3688 est.
1031 3633 1162 3688 Ostendit
1170 3630 1542 3702 autemquomodobonum
1550 3632 1663 3699 sil,cum
1680 3635 1777 3691 addit:

111 3725 185 3790 teor,
202 3721 252 3776 sed
279 3722 400 3778 mortuis
427 3723 570 3791 Patribus,
593 3723 641 3794 qui
662 3740 727 3778 vere
748 3723 919 3791 morientur,
968 3721 1041 3777 Vere
1057 3722 1169 3777 bonum
1185 3719 1250 3774 erit.
1269 3718 1340 3772 Nam
1356 3735 1520 3789 operantes,
1537 3719 1778 3778 seilicetverbum

111 3826 178 3866 cum
188 3810 323 3866 homiues
336 3810 403 3879 sint,
421 3827 479 3866 non
492 3811 657 3867 adducentur
673 3811 775 3884 aliquae
787 3811 921 3882 oe'rqtnes‘l
970 3826 1082 3876 meum,
1096 3809 1155 3862 dico
1170 3824 1234 3879 ego,
1251 3806 1281 3861 id
1296 3809 1348 3873 cst,
1363 3806 1488 3862 devoveo
1509 3811 1537 3860 et
1562 3823 1698 3865 consecro
1711 3813 1777 3880 περὶ,

112 3899 263 3955 nonenim
279 3899 334 3954 erit
347 3900 395 3971 qui
411 3900 544 3955 adducat.
562 3899 606 3954 Ad
623 3911 676 3958 hoc
698 3903 796 3955 autem
821 3901 859 3954 sic
875 3917 920 3954 re·
970 3899 1068 3966 idest,
1085 3896 1195 3952 Christo
1211 3894 1442 3951 antonomastice
1454 3895 1620 3967 regilluasi
1632 3897 1723 3953 licat:
1738 3901 1778 3955 lle

112 3987 236 4060 spondet
248 3986 441 4042 :Addueentar
453 3987 551 4060 utique
567 3989 716 4060 pertibus,
746 3988 777 4042 id
797 3991 850 4056 est,
869 4005 921 4061 per
970 4002 1039 4059 rege
1054 3986 1100 4041 bic
1111 4000 1208 4057 agam,
1225 3982 1270 4038 cui
1289 3983 1343 4038 hoc
1359 4000 1431 4057 opus
1442 3999 1543 4039 meum
1558 3984 1626 4040 dico.
1642 3986 1676 4041 Et
1691 3986 1778 4042 decli-

113 4075 262 4148 episcopos
277 4078 306 4129 et
320 4076 493 4143 sacerdotes,
518 4080 695 4148 caeterosque
717 4077 847 4131 Ecclesiae
869 4092 920 4148 pa·
970 4075 1135 4140 netandae,
1152 4090 1212 4129 non
1225 4072 1283 4126 dieo
1297 4072 1373 4138 dicis,
1387 4073 1438 4128 sed
1451 4072 1508 4127 dieo
1527 4072 1609 4140 dicas,
1632 4075 1708 4145 quod
1736 4080 1780 4131 cst

112 4166 214 4228 stores,
229 4164 425 4235 apostolorum
436 4180 622 4219 successores.
635 4167 692 4221 Pro
700 4165 825 4237 putridus
841 4164 920 4220 enim
971 4164 1095 4218 devoveo
1108 4165 1136 4217 ct
1155 4161 1367 4217 consecro.lloc
1377 4162 1475 4215 autem
1485 4161 1563 4233 quod
1577 4162 1779 4220 verbumistud

113 4251 196 4308 idest
218 4252 462 4319 inlocoPatrum‚
491 4255 689 4324 apostolorum
718 4254 835 4321 scilicet,
864 4253 923 4307 neti
971 4252 1107 4306 eructabo
1124 4266 1182 4305 non
1199 4265 1274 4304 ame
1285 4249 1350 4316 erit,
1364 4248 1512 4319 sedtinqua
1526 4267 1583 4303 mea
1599 4251 1779 4307 critonianus

112 4345 184 4407 suut,
205 4339 234 4395 id
247 4343 299 4407 est,
314 4344 467 4395 nascentur
475 4341 503 4396 in
518 4342 574 4396 fide
589 4341 719 4397 elofficio
734 4341 920 4413 praedicandi,
931 4342 958 4402 D
970 4339 1072 4406 scribae,
1088 4338 1117 4393 id
1135 4340 1187 4406 est,
1202 4337 1293 4392 sancti
1313 4336 1435 4408 Spiritus
1448 4336 1570 4392 velociter
1583 4339 1779 4412 senitentisper

112 4428 174 4498 filit,
190 4428 221 4483 id
239 4432 281 4483 est
292 4429 417 4502 episcopi
428 4434 457 4485 ct
474 4430 571 4486 crateri
586 4433 715 4501 pastores
727 4447 733 4484 :
747 4434 775 4484 et
789 4431 843 4485 hoc
857 4430 921 4500 tibi,
971 4427 1226 4500 ipsumcalamum.
1239 4426 1399 4480 llocautcm
1410 4440 1462 4496 per
1471 4425 1688 4481 similitudinem
1699 4427 1777 4485 dicit.

114 4515 145 4572 id
157 4520 210 4584 cst,
227 4518 264 4572 ad
279 4533 350 4588 opus
363 4521 462 4586 tuum;
480 4522 509 4573 et
523 4535 565 4572 eos
580 4517 652 4572 tilios
665 4520 804 4572 constitues
818 4520 922 4589 princi·
973 4514 1144 4572 sicutenim
1160 4515 1287 4568 calamus
1302 4528 1466 4584 nonperse,
1477 4513 1528 4567 sed
1538 4515 1631 4570 scriba
1644 4519 1778 4571 movente

108 4623 158 4678 pes
173 4623 251 4676 super
274 4624 378 4660 uenirem
391 4605 535 4673 ten·crn,id
553 4609 605 4672 est,
623 4622 741 4660 omnem
759 4607 922 4673 Ecclesiam,
973 4605 1083 4659 litteras
1098 4602 1223 4669 format;
1237 4601 1275 4656 sic
1291 4605 1320 4655 ct
1335 4600 1427 4671 linquo
1442 4617 1509 4656 inea
1524 4621 1581 4657 non
1597 4619 1704 4673 perse,
1728 4605 1778 4660 sed

114 4711 179 4768 quae
195 4694 304 4749 stabilis
323 4697 366 4748 est
378 4698 407 4749 ct
420 4695 511 4749 solida
528 4696 661 4748 uttcrra:
680 4679 925 4767 lltssetquaetibi
974 4692 1083 4765 Spiritu
1098 4693 1195 4744 sancto
1216 4692 1362 4756 movente,
1380 4689 1469 4743 verba
1487 4690 1634 4746 formabit.
1656 4693 1689 4746 Et
1703 4693 1778 4748 bene

114 4783 266 4855 generabit
278 4781 396 4849 fructus,
416 4799 505 4853 opera
530 4782 607 4838 bona
625 4782 731 4838 scilicet
754 4783 925 4839 admodum
974 4778 1340 4854 ponitoeloettersententis.
1359 4777 1489 4832 Velociter
1503 4779 1777 4852 namquesincprae·

113 4873 211 4938 terne,
225 4887 289 4943 quse
300 4870 408 4926 fructus
424 4871 558 4925 messium
571 4870 739 4941 profert.lta
751 4872 924 4928 scilicetcon-
974 4869 1164 4924 meditatione
1179 4883 1232 4940 per
1246 4884 1312 4922 eum
1329 4865 1450 4938 Spiritus
1464 4873 1579 4922 sanctus
1591 4867 1727 4938 loquitur,
1748 4872 1780 4924 ut

113 4960 206 5013 stltaer
219 4961 364 5031 principes,
386 4963 417 5014 ut
436 4976 615 5032 quaecunque
638 4960 793 5032 ligaverint
813 4961 854 5015 vel
869 4961 925 5016 sol·
974 4956 1342 5014 inlrocostendaturverba
1358 4955 1611 5028 ipsanonaseipso
1623 4956 1779 5026 Propheta,

114 5046 302 5117 verintsupcr
317 5050 436 5111 terram,
449 5046 505 5101 sint
520 5047 659 5119 ligatavel
672 5049 764 5103 soluta
776 5046 925 5103 etincoelis
975 5048 1025 5103 sed
1040 5064 1057 5102 a
1076 5046 1183 5118 Spiritu
1205 5047 1302 5100 sancto
1333 5060 1393 5098 esse
1406 5060 1412 5098 ε
1426 5046 1455 5097 ct
1478 5059 1543 5098 ecce
1566 5042 1674 5096 verdum
1700 5045 1779 5116 quod

116 5132 229 5204 (Macen.
243 5151 299 5202 xvi,
317 5136 370 5203 io).
387 5135 441 5208 lpsi
457 5153 524 5192 vero
540 5136 684 5209 principes
695 5135 852 5203 constituti,
866 5152 925 5191 non
975 5139 1105 5192 eructare
1124 5151 1173 5189 cor
1195 5148 1293 5188 mcum
1312 5130 1459 5203 disposuit.
1480 5130 1501 5185 0
1521 5133 1701 5201 putretudine
1717 5149 1779 5200 rex,

116 5226 203 5277 erunt
218 5223 300 5278 aliosi
311 5240 317 5290 ;
328 5225 378 5279 scd
391 5242 492 5279 rnernor
506 5242 550 5278 ero
564 5227 735 5293 noministui,
752 5225 780 5280 id
791 5227 834 5280 est
849 5225 925 5297 ipsos
975 5223 1094 5286 Christe,
1109 5224 1244 5290 cccinpere
1256 5218 1345 5290 plodio
1356 5225 1400 5273 tuo
1413 5233 1492 5288 reaper
1505 5219 1595 5287 femur
1610 5224 1695 5300 turem.
1711 5220 1778 5291 Spe·

101 5326 264 5365 ‘memores
280 5329 340 5366 esse
352 5312 456 5367 faciam
469 5313 596 5368 nominis
611 5313 664 5381 tui,
676 5313 873 5386 utproedicent
889 5313 923 5367 il·
973 5313 1057 5366 cicsvu
1073 5310 1150 5364 enim
1167 5308 1224 5362 oris
1238 5308 1324 5369 terreno
1335 5323 1394 5376 prce
1407 5306 1470 5375 fitia
1483 5307 1630 5370 bornicum,
1643 5310 1696 5362 etc.
1709 5308 1779 5373 Quae

117 5399 167 5454 lud
182 5401 210 5452 in
234 5403 309 5454 erunt
326 5404 498 5470 penerate'onc
516 5402 692 5470 indecorum,
713 5410 738 5457 et
754 5403 924 5472 penerotr'one
973 5398 1079 5455 amodo
1094 5414 1152 5452 nou
1166 5399 1325 5464 mutantur,
1335 5395 1385 5451 scd
1398 5399 1428 5450 ut
1443 5397 1571 5469 superius
1578 5397 1616 5453 ita
1629 5413 1779 5472 nuvrcquu·

118 5488 261 5559 gentium,
287 5504 339 5560 per
358 5491 567 5546 successionem
590 5490 821 5562 generationum.
843 5490 924 5545 Nulla
973 5506 1027 5562 que
1037 5489 1181 5560 leguntur.

118 5575 923 5651 erimusqueadfmcmmundigeneratiocritludceorum
