3772 5976
1040 443 1748 480 ———-—--——

416 603 827 730 EPISTOLA
878 600 1416 732 ENCYCLICA‘²⁵²¹

80 867 102 914 a
122 846 158 914 S.
178 842 352 914 Brunouis
371 841 505 912 obitum
516 860 809 942 ‚quaquaversum
829 837 1040 939 nuntiarunt
1064 842 1142 931 ejus
1166 842 1203 911 in
1229 846 1410 918 Turrilaua
1437 870 1551 921 eremo
1575 851 1751 944 discipuli,

459 931 630 1020 solitaque
646 950 707 1020 pro
725 928 820 997 rlhus
837 949 952 997 anima
970 929 1135 1019 suffragia
1149 933 1374 1022 postularunt

118 1224 215 1280 Primo
231 1225 305 1290 loco,
320 1239 408 1294 quem
424 1221 580 1295 primatum
597 1224 626 1275 et
640 1217 929 1291 caputqucclesiaA
943 1218 1107 1274 sufficimus.
1128 1222 1164 1276 Ut
1176 1226 1272 1278 autem
1293 1226 1387 1281 sciatis
1403 1232 1510 1299 quanta
1533 1230 1646 1298 fiducia,
1660 1248 1748 1304 quam

81 1313 226 1368 credimus
240 1316 269 1367 et
282 1313 466 1377 confitemur,
481 1308 728 1380 apostolicaesedis
740 1307 892 1378 praesulem
944 1310 1023 1361 certa
1039 1325 1089 1379 spe
1106 1310 1284 1366 liberationis
1303 1315 1363 1383 ejus
1382 1333 1480 1386 preces
1500 1318 1635 1386 fundatis,
1657 1322 1749 1374 trans·

80 1404 231 1472 totamque
250 1399 329 1454 illam
347 1399 535 1470 principalem
561 1396 669 1451 curiam
694 1395 816 1449 humiles
835 1410 894 1449 ere·
944 1394 1015 1449 itum
1030 1397 1103 1450 iltius
1115 1400 1215 1468 [siipple
1231 1401 1278 1461 od]
1295 1403 1446 1458 utilitatem
1466 1406 1543 1459 brevi
1560 1407 1642 1461 titulo
1667 1407 1749 1462 iono-

81 1490 161 1543 mitir.
183 1487 322 1543 Calabriae
338 1486 507 1542 monasterii
530 1486 642 1539 Sancta¹
666 1483 715 1538 llei
743 1481 894 1537 Geuitricis
944 1485 1088 1551 tescimus,
1099 1491 1130 1540 ut
1140 1486 1265 1542 insaucti
1279 1489 1329 1543 viri
1342 1493 1749 1549 consummationcveritatem

81 1577 187 1643 ldariie,
204 1576 429 1647 cujuslundator
441 1577 522 1646 pater
538 1574 632 1626 Bruuo
647 1571 736 1624 luitct
747 1571 892 1641 prelatus,
944 1577 972 1627 et
987 1574 1194 1646 perlectionem
1214 1579 1366 1633 transactae
1391 1581 1456 1634 ritus
1476 1583 1625 1655 colligatis.
1652 1584 1750 1639 Sciens

83 1666 153 1720 dum
170 1663 429 1727 incarnerireret,
456 1661 552 1716 dehita
579 1659 756 1730 subjectione
773 1675 892 1712 reuera·
943 1662 1010 1732 quio
1023 1662 1101 1716 venit
1115 1664 1188 1717 hora
1203 1664 1263 1736 ejus
1279 1670 1309 1719 ut
1325 1670 1450 1722 transeat
1463 1686 1496 1723 ex
1517 1671 1571 1724 hoc
1589 1671 1697 1726 mundo
1713 1671 1751 1726 ad

84 1771 150 1807 mor
165 1758 193 1807 et
203 1754 370 1817 salutamus,
394 1750 541 1821 sanctique
557 1747 649 1802 Patris
674 1746 764 1801 nostri
781 1746 892 1800 obitum
942 1751 1069 1817 Patrem,
1084 1752 1245 1807 convocatis
1260 1753 1395 1808 iratribus
1408 1755 1474 1822 suis,
1489 1757 1525 1811 ah
1546 1759 1606 1828 ipsa
1628 1758 1751 1814 iniantia

85 1841 178 1913 pridie
191 1841 285 1896 Nonas
293 1839 424 1895 Octobris
434 1837 649 1902 denuntiamus,
666 1839 697 1888 ut
717 1834 829 1889 meritis
843 1851 891 1887 eo·
942 1839 1070 1909 singulas
1084 1843 1183 1893 aetates
1202 1857 1266 1894 suas
1286 1842 1442 1913 replicavit,
1459 1846 1488 1896 et
1508 1844 1596 1899 totius
1610 1845 1750 1916 temporis

81 1945 148 1983 rum
160 1932 189 1982 et
202 1928 334 2001 precibus
350 1926 501 1996 adjuretur
514 1924 589 1995 apud
612 1925 712 1977 ileum.
730 1921 893 1976 Salutamus
942 1927 984 1981 sui
997 1927 1115 1981 scientia
1128 1932 1156 1981 et
1170 1929 1313 1983 sententia
1332 1930 1452 2000 dignum
1476 1933 1672 2001 proclamavit.
1694 1935 1749 1988 Po·

82 2033 199 2088 quoque
210 2016 373 2070 universam
387 2017 515 2068 sanctam
528 2010 680 2066 Ecclesiam
697 2011 726 2064 iu
744 2009 892 2064 ordinibus
943 2018 1004 2069 stea
1017 2015 1104 2069 fidem
1118 2032 1198 2069 suam
1212 2016 1391 2072 de'lriuitatc
1405 2021 1551 2088 protracto
1565 2023 1593 2073 et
1603 2021 1748 2090 profundo

83 2109 112 2158 et
128 2104 354 2176 professionibus
375 2102 441 2169 suis,
463 2101 627 2164 canonicos,
644 2098 811 2163 monachos,
828 2113 890 2150 ere·
943 2119 1078 2157 sermone
1087 2104 1249 2175 exposuitet
1258 2106 1395 2159 conclusit
1409 2106 1448 2159 sic
1462 2123 1492 2159 :a
1504 2107 1594 2161 Credo
1604 2107 1692 2162 etiam
1707 2125 1751 2163 sa·

83 2193 181 2258 initas,
201 2194 259 2248 Deo
278 2191 385 2245 dicatas
397 2192 510 2244 sanctas
525 2187 660 2258 virgines,
675 2185 778 2257 quihus
790 2187 819 2238 et
832 2201 892 2239 om·
944 2195 1092 2245 eramenta
1107 2208 1171 2262 quir
1182 2195 1280 2245 sancta
1293 2192 1383 2247 eredit
1404 2198 1433 2246 ct
1448 2198 1602 2247 veneratur
1617 2194 1750 2262 Ecclesia,

83 2280 168 2335 nibus
180 2279 318 2351 spirituali
332 2281 484 2350 praeseutia
496 2275 717 2347 prosternimur,
727 2277 758 2327 ut
766 2271 894 2328 defuncti
945 2283 972 2332 et
984 2278 1157 2332 nominatim
1172 2295 1277 2350 panem
1292 2284 1320 2333 et
1341 2280 1439 2334 vinum
1458 2297 1521 2351 qua
1545 2285 1751 2337 consecrantur

83 2369 176 2423 Patris
199 2368 287 2422 nostri
309 2382 453 2420 memores
476 2382 536 2419 esse
552 2363 655 2428 relint3
674 2364 704 2416 ut
720 2361 829 2415 dilectae
854 2361 894 2415 illi
944 2366 975 2419 in
989 2366 1082 2431 altari,
1099 2370 1164 2436 post
1183 2367 1430 2422 consecrationem
1451 2385 1549 2422 verum
1575 2385 1678 2440 corpus
1693 2385 1753 2425 csse

82 2457 190 2512 animae
203 2456 225 2510 si
236 2455 358 2509 adhaesit
382 2455 494 2508 macuta
508 2455 586 2519 (cum
608 2467 667 2505 uon
688 2450 724 2504 sit
739 2451 832 2520 justus
847 2451 896 2522 qui
946 2455 1061 2509 Domini
1074 2456 1163 2509 nostri
1174 2457 1239 2510 Jesu
1254 2455 1366 2523 Christi,
1376 2473 1474 2511 veram
1488 2474 1605 2511 carnem
1617 2461 1752 2514 etverum

86 2562 146 2599 uon
155 2547 262 2614 peccet)
273 2542 468 2612 multiplicatis
484 2539 719 2595 intercessoribus
735 2541 763 2592 et
778 2554 896 2609 precum
946 2544 1117 2613 sanguinem
1132 2560 1196 2614 quie
1212 2547 1240 2597 et
1266 2560 1317 2598 nos
1333 2544 1487 2615 accipimus
1505 2544 1533 2599 in
1554 2545 1766 2602 remissionem

83 2632 222 2686 instantia
235 2632 412 2702 detergatur,
427 2634 456 2684 et
472 2633 598 2682 trauseat
613 2627 649 2681 ad
671 2626 812 2698 requiem.
829 2629 895 2680 lue·
946 2635 1130 2701 peccatorum
1147 2634 1311 2686 nostrorum
1327 2636 1355 2686 et
1376 2632 1405 2687 in
1420 2649 1469 2703 spe
1485 2633 1582 2686 salutis
1596 2637 1723 2688 aeteruee.
1738 2652 1755 2686 »

87 2736 189 2774 camur
201 2736 316 2791 quoquc
332 2722 363 2772 ut
374 2732 611 2789 quorumcunque
627 2717 757 2770 locorum
778 2729 897 2784 congre·
947 2721 1081 2775 Proxima
1097 2721 1142 2775 die
1156 2720 1306 2775 [lominica
1322 2724 1420 2773 sancta
1434 2720 1482 2774 illa
1497 2720 1594 2774 anima
1607 2737 1692 2775 carne
1708 2737 1754 2776 so·

84 2808 227 2880 dationes,
244 2811 292 2861 ³¹1¹
307 2822 438 2878 P⁰r³01¹ae
450 2805 602 2876 ΐθὶῑὲἰθὸῑῡ,
614 2803 675 2872 ejus
683 2805 772 2873 agant
783 2818 895 2856 memo·
946 2810 1006 2862 luta
1021 2812 1062 2862 est
1082 2809 1171 2880 pridie
1183 2809 1277 2862 Nonas
1293 2807 1423 2863 Octobris
1439 2824 1515 2861 auno
1528 2808 1644 2862 Domini
1659 2808 1753 2862 millo-

85 2897 202 2963 riam,se
214 2894 386 2950 nominatim
397 2910 454 2948 nou
464 2893 560 2964 pigeat
571 2892 659 2946 inhac
668 2891 766 2945 charta
777 2890 897 2945 subscri·
947 2896 1019 2951 simo
1035 2896 1193 2951 centesimo
1209 2895 1312 2967 primo,
1332 2895 1416 2949 Orate
1432 2912 1484 2967 pro
1501 2911 1535 2950 eo
1559 2898 1588 2949 et
1603 2911 1655 2966 pro
1672 2895 1756 2952 nohis

85 2987 154 3041 bere
164 3002 171 3052 3
181 2983 337 3054 separatim
348 2999 424 3047 tem,
437 2981 460 3035 Sl
472 2980 519 3052 qui
536 2981 635 3035 t'Olllssl
647 2978 707 3048 ejus
724 2977 896 3032 sslssfflOriam
947 2985 1155 3056 peccatoribus.
1173 2985 1301 3038 Fratrem
1317 2987 1458 3050 nostrum,
1474 2984 1577 3037 harum
1593 2983 1754 3038 litterarum

85 3073 221 3143 scriptam
233 3075 262 3125 ct
272 3070 499 3125 anniversariam
509 3069 671 3132 ohservare,
681 3065 853 3130 scribantur,
866 3066 897 3119 ut
946 3076 1080 3139 latorem,
1097 3072 1268 3127 ohedientia
1285 3071 1378 3142 gratia
1391 3071 1636 3142 peregrinantem,
1654 3074 1754 3129 restrae

85 3177 245 3232 congruam
261 3160 351 3214 vicem
368 3157 488 3230 siugulis
501 3156 705 3228 rependamus,
719 3157 804 3223 prout
812 3152 896 3225 pauci
949 3162 1081 3217 charitati
1096 3161 1346 3217 commendamus,
1363 3160 1470 3214 valete,

123 3324 201 3385 (252)
215 3321 235 3374 E
257 3319 348 3375 istotae
365 3319 431 3373 huic
444 3332 675 3389 quaquaversum
687 3330 719 3368 ex
735 3329 816 3367 more
829 3315 898 3368 tune
949 3321 1045 3394 exigit,
1061 3320 1106 3376 sic
1122 3321 1229 3375 hahent
1246 3337 1252 3374 ;

87 3392 192 3446 usitato
206 3337 261 3451 (agi
276 3389 485 3445 Commentarii
506 3386 603 3457 praevii
629 3401 708 3440 noni.
728 3387 762 3439 al
782 3385 896 3456 etseq.)
985 3411 1126 3464 Laudatus
1137 3412 1231 3465 Bruno
1247 3408 1300 3463 fuit
1318 3409 1346 3462 in
1361 3406 1457 3462 multis
1473 3410 1502 3461 et
1514 3407 1543 3462 in
1557 3423 1615 3462 uno

107 3480 138 3516 ro
161 3460 362 3516 annuntiando
378 3459 518 3513 Bruuouis
532 3457 610 3511 obitu
626 3456 731 3519 missia,
752 3454 898 3526 titulisque
983 3481 1031 3534 vj,
1044 3481 1096 3534 sust
1111 3498 1135 3534 ἃ
1159 3481 1227 3534 nali.
1243 3480 1307 3534 νὴ
1342 3478 1385 3533 „ir
1400 3479 1428 3532 in
1445 3479 1499 3532 hoc
1515 3496 1528 3532 s
1551 3478 1592 3532 eci
1613 3448 1630 3532 l’·

85 3481 325 3588 Suuebrihusseu
342 3530 415 3585 datis
432 3530 468 3583 ad
492 3530 565 3583 hanc
581 3525 779 3597 responsoriis,
791 3524 898 3595 quaead
984 3551 1105 3622 semper
1119 3498 1180 3605 effa
1193 3504 1264 3604 sJSto
1282 3521 1369 3616 vu’stu‘
1390 3495 1671 3603 sermonepmogeffi‘o

90 3604 160 3657 V¹¹⁸³
176 3601 205 3656 s·
222 3603 374 3666 Bf¹¹¹¹⁰¹¹¹⁵‘
386 3617 438 3724 Ber
451 3600 611 3653 pmeanum
628 3600 739 3668 sermm
763 3611 897 3666 ⁸¹¹⁰⁰q¹¹⁸
983 3621 1054 3676 Cum
1068 3625 1178 3676 terrore
1194 3621 1282 3691 patris
1297 3620 1468 3674 monstrarit
1482 3619 1590 3673 viscera
1605 3619 1715 3673 matris.

88 3673 375 3755 ¹circiterttittitrpis
408 3665 932 3748 asileensibuscpcusir,ealcemcd-(1
981 3693 1078 3745 Nullus
1108 3709 1173 3746 eum
1213 3708 1261 3745 ma
1284 3708 1351 3746 num
1392 3689 1442 3743 sed
1469 3689 1572 3744 mitem
1607 3706 1636 3743 se
1659 3688 1695 3742 3st
1743 3693 1756 3744 t

84 3747 236 3815 peluntur,
251 3730 385 3814 praeiixie,
399 3745 511 3811 septem
524 3741 740 3808 praemittuntur
754 3736 895 3801 versiculi,
1263 3708 1281 3761 g
1356 3731 1363 3757 ’
1570 3707 1698 3829 [agnflm
1723 3706 1742 3744 u

86 3813 311 3886 quiihidempro
324 3813 414 3866 altero
424 3812 519 3865 Sancti
531 3809 677 3880 epitaphio
691 3805 895 3887 obtruduntur3
983 3837 1100 3890 prorsus
1111 3804 1208 3886 ΜΟ
1224 3831 1280 3884 Vita
1294 3846 1376 3884 „erus
1391 3829 1445 3884 fui,
1460 3829 1596 3883 Israelita·

87 3885 135 3939 ³¹31
151 3888 249 3965 {ntem
260 3883 376 3963 timuis!
392 3882 556 3962 funihsem’
567 3879 668 3950 ‘lumb
680 3877 747 3947 ipsis
758 3876 896 3956 relissi⁰⁵ff¹⁵
982 3907 1061 3959 Hunc
1076 3906 1147 3959 Deus
1167 3921 1183 3956 a
1198 3901 1288 3973 poenis
1304 3917 1372 3971 rape
1399 3900 1513 3955 sedibus
1527 3898 1603 3952 iuter
1618 3898 1741 3954 amnonis

85 3955 246 4009 Turritanae
262 3970 353 4007 eremi
369 3953 469 4006 incolis
481 3952 584 4005 Sancto
597 3951 783 4030 parentatum
799 3947 894 4014 fuerit,
1377 3943 1383 3967 '
1744 3940 1751 3953 ⁰

87 4042 148 4079 esse
166 4025 228 4079 illos
239 4024 428 4078 contendunt.
444 4023 548 4075 Verum
564 4020 634 4073 mihi
653 4034 703 4072 nec
726 4034 826 4082 onum,
843 4032 896 4071 nec
983 4014 1070 4067 Porro
1092 4007 1330 4063 adnotationibus
1356 4005 1504 4070 nonnulla,
1527 4021 1590 4075 quae
1614 4004 1644 4057 in
1669 4004 1752 4058 luna·

87 4097 211 4150 alterum
232 4095 339 4165 placet,
356 4111 415 4148 non
429 4093 568 4163 primum,
586 4090 662 4161 quod
676 4087 816 4159 epitaphii
830 4104 894 4159 spe·
946 4083 1045 4138 brihus
1060 4080 1157 4135 Sancti
1177 4079 1286 4133 Titulis.
1301 4079 1363 4148 J'am
1379 4092 1445 4130 mox
1461 4076 1507 4129 hic
1522 4074 1686 4139 subdendis,
1704 4091 1751 4129 oc·

86 4156 896 4236 cicmpraet'errehaudvideantur;nonseeundunr,quod
947 4157 1074 4217 currunt,
1105 4150 1311 4204 illustratorum
1338 4163 1395 4211 me,
1415 4145 1623 4200 inCommeut.
1646 4145 1755 4215 presvit-

87 4235 297 4290 versiculisiltis
307 4235 342 4288 ad
346 4236 408 4304 J'am
419 4234 516 4287 datam
526 4231 687 4302 epistolam,
700 4229 776 4308 quod
786 4232 895 4293 tamen,
947 4240 1028 4278 num.
1052 4223 1086 4277 ‘ll
1102 4219 1276 4291 significari3
1295 4234 1330 4272 ne
1346 4222 1442 4272 autem
1459 4215 1653 4287 supposititios
1667 4215 1753 4270 hosce

87 4307 241 4360 uttitulum
253 4304 404 4359 funebrem
416 4303 633 4364 constituerent,
644 4299 802 4353 exdictisin
812 4298 895 4352 Corn-
947 4311 1007 4348 esse
1021 4293 1083 4363 quis
1097 4294 1186 4361 putet,
1203 4291 1332 4344 locurum
1349 4289 1436 4342 etiam
1455 4303 1612 4350 sacrorum,
1628 4301 1753 4356 quorum

87 4377 233 4431 menterio
245 4375 350 4444 praevio
365 4390 445 4428 nom.
464 4376 497 4427 ‘ll
511 4375 584 4425 esset
601 4386 760 4436 necessum,
777 4385 822 4421 res
845 4385 895 4421 ou·
947 4365 1065 4419 nomine
1076 4363 1236 4433 signantur,
1250 4362 1377 4424 irtatern,
1392 4374 1457 4411 cum
1472 4361 1572 4428 potero
1587 4356 1673 4426 idque
1687 4371 1754 4410 con·

86 4464 151 4502 sum
164 4446 241 4501 haud
253 4446 348 4498 luerit.
364 4446 399 4498 Ut
415 4447 445 4496 ut
461 4443 506 4503 sit,
523 4441 706 4512 ethopoeiam,
723 4438 814 4510 quaS.
825 4386 896 4492 gru·
947 4437 1050 4488 ducere
1064 4434 1237 4495 existimare,
1253 4430 1394 4493 indicabo,
1414 4431 1464 4482 aut
1478 4431 1564 4489 certe,
1580 4443 1617 4480 an
1638 4430 1667 4479 et
1684 4425 1754 4497 quid

87 4517 173 4572 nouis
193 4532 288 4570 mores
302 4515 401 4569 lectori
415 4515 450 4567 oh
470 4515 566 4567 oculos
583 4514 740 4583 ponuntur,
761 4509 836 4563 haud
853 4509 897 4562 in·
948 4506 983 4559 de
997 4505 1030 4557 iis
1043 4503 1202 4573 comperire
1220 4500 1400 4571 potissimum
1413 4497 1640 4569 potuerim,post
1654 4496 1751 4565 singu·

87 4592 155 4659 epte
163 4586 277 4650 dixeris,
287 4602 338 4639 uec
346 4586 415 4639 mihi
428 4600 494 4637 vero
505 4584 746 4654 prorsusapparet
754 4579 895 4646 absimile,
946 4577 997 4640 las,
1032 4574 1113 4627 uihus
1129 4573 1218 4626 dictos
1231 4571 1328 4624 titulos
1344 4569 1515 4622 discreturus
1526 4583 1600 4631 sum,
1612 4567 1753 4621 sectiones

86 4658 204 4712 asaucti
214 4656 367 4735 discipulis,
381 4671 449 4727 quo,
481 4653 604 4707 ualishic
621 4653 728 4715 fuisset,
742 4652 896 4719 utcumque
948 4593 1065 4707 uotaiio,
1083 4645 1147 4696 licet
1163 4641 1280 4694 interim
1296 4639 1374 4704 vitia,
1391 4639 1494 4709 quibus
1512 4637 1541 4690 hi
1565 4640 1665 4691 contra
1688 4651 1753 4706 pro·

87 4727 373 4797 docerent,ep1slolae
386 4672 685 4795 eiicyfflienjcrmdatoe
699 4721 783 4774 luisse
797 4719 897 4773 ad'un-
946 4716 1033 4770 sodire
1048 4716 1189 4783 rectaque
1212 4710 1432 4764 constructionis
1445 4711 1523 4779 leges
1537 4708 1681 4770 laborant,
1695 4707 1753 4788 ple-

86 4802 158 4854 ctos.
171 4799 207 4853 Ut
226 4798 290 4851 illos
305 4797 388 4857 adeo,
411 4799 567 4866 autequam
588 4793 624 4847 ad
643 4792 740 4846 titulos
759 4737 897 4844 luueSres
945 4802 1067 4856 rumque
1084 4785 1274 4848 inobservata,
1291 4780 1369 4852 quod
1384 4780 1469 4834 nimis
1496 4778 1657 4850 frequentia
1684 4779 1752 4845 sint,

87 4867 276 4941 progrediar,
301 4869 356 4922 hue
383 4867 469 4921 etiam
494 4865 580 4919 modo
601 4862 802 4930 transcribam,
818 4861 897 4915 locus
946 4856 1092 4930 praeterire
1105 4854 1141 4909 sit
1154 4855 1253 4908 fixum.

241 5611 358 5667 Parnon.
375 5606 451 5665 Ghlt.
