3772 5970
111 292 163 347 763
419 292 448 350 S.
469 295 642 353 andaonis
662 291 979 351 cxuvflusmitoudu
997 293 1231 352 instituturus
1252 296 1329 351 OPP.
1347 293 1437 352 PARS
1455 296 1466 350 l
1728 299 1776 354 itt

104 415 183 487 justi,
200 434 259 473 nou
274 417 304 471 in
319 418 409 483 vobis,
426 422 610 477 attribuendo
629 421 709 477 vobis
722 439 802 493 spem
818 421 913 475 istam.
925 426 953 485 A
966 438 1030 492 qua
1043 422 1185 476 novitera
1200 421 1312 477 Christo
1328 423 1396 477 data
1410 425 1553 490 sunt‚noa
1565 421 1658 478 etiem
1672 420 1703 476 in
1716 423 1774 494 loge

110 502 145 556 Et
158 520 216 558 non
233 521 335 574 parum
354 506 490 576 lammina,
511 511 561 564 scd
582 510 717 576 ermlmtc,
735 509 763 562 id
778 512 821 562 est
834 510 916 563 valde
965 510 1053 564 veteri
1070 510 1178 578 habita,
1191 528 1255 582 qua
1271 510 1309 565 sic
1326 511 1440 566 dicebat
1456 528 1462 566 :
1478 510 1616 583 «Diliges
1635 510 1773 578 amicum,

110 593 249 650 laetamini
270 616 276 651 :
302 614 366 668 quae
386 600 484 655 latitia
507 601 635 670 corporis
653 600 741 653 etiaim
765 599 916 654 saltatione
967 603 994 652 et
1008 598 1073 653 odio
1088 599 1207 654 habebis
1223 599 1382 653 inimicum.
1404 620 1418 648 »
1435 600 1625 666 Dico,eontate
1643 601 1671 653 ei
1681 616 1774 654 nevum

110 681 684 757 demonstretursttetiamplurimuimiu
699 687 917 751 Doxuino,1dcst
966 689 1110 753 comicum,
1127 691 1157 741 et
1181 703 1240 742 nou
1265 688 1395 742 remisse.
1418 687 1474 742 Sed
1501 687 1563 742 icae
1582 688 1696 759 psallite
1711 689 1775 742 eila

109 771 232 840 gloriam
254 778 377 830 vestram
399 778 545 832 attribuite
566 777 690 832 Domino
707 797 715 830 :
732 793 789 831 uon
806 775 916 830 meritis
966 776 1163 845 vociferatione,
1172 776 1200 830 id
1217 775 1303 830 estin
1318 776 1409 831 nimia
1424 777 1531 832 mentis
1546 776 1774 833 intentieneleu·

109 859 219 921 vestris.
237 879 253 916 ο
268 879 318 917 vos
330 881 417 917 orienes
432 867 496 919 recti
509 867 593 932 corde,
608 865 637 920 id
658 868 701 919 est
713 865 782 935 justi
803 866 915 919 rectum
966 864 1031 919 date
1047 882 1125 931 eum,
1139 882 1203 936 quse
1218 864 1283 919 ideo
1297 864 1589 930 vociferatiodicitur,
1609 865 1682 937 quia
1695 865 1774 920 nimis

108 945 248 1002 habentes
261 967 310 1005 cor
321 951 349 1005 in
364 953 516 1023 cogitando
532 955 619 1017 bona,
636 971 694 1009 non
717 953 869 1008 distortum
885 953 914 1006 in
965 953 1136 1007 admodum
1154 952 1352 1007 elementariae
1367 952 1583 1008 vociferationis
1597 953 1775 1024 impetratio·

110 1034 264 1105 cogitando
284 1056 427 1110 perversa,
445 1045 477 1095 ut
494 1043 647 1113 apostulus
664 1041 704 1095 ait
720 1060 726 1096 ε
744 1064 757 1089 u
776 1039 829 1104 Qui
851 1041 913 1110 glo·
964 1042 1155 1111 uemexpetit.
1166 1040 1441 1111 Umleseriptumcst
1454 1057 1461 1095 :
1473 1041 1664 1096 «Maledictus
1679 1041 1772 1108 bomo,

107 1122 237 1178 riaturin
249 1127 372 1182 Domino
386 1129 526 1199 glorietur
542 1129 571 1202 (I
583 1129 645 1183 Cur.
660 1147 679 1196 i,
696 1132 751 1200 tl).
770 1151 784 1176 »
964 1128 1119 1200 quilecerit
1129 1144 1200 1200 opus
1208 1128 1258 1182 Dei
1269 1128 1449 1200 negligenter
1457 1127 1526 1200 (lec.
1533 1127 1774 1201 xxm‚lD)‚»idest

347 1217 381 1269 ΙΝ
396 1217 557 1273 PSdLllllll
572 1219 668 1272 xxtu.
964 1213 1023 1270 sine
1039 1216 1210 1270 intentione.
1226 1216 1284 1271 Sub
1301 1216 1344 1270 dit
1356 1220 1454 1271 autem
1471 1232 1569 1270 causas
1585 1232 1678 1288 quare
1692 1216 1774 1271 conli-

143 1301 251 1356 Titulus
265 1304 406 1375 trigesimi
421 1307 550 1361 secundi.
567 1307 689 1362 Pauluua
703 1306 803 1368 Dura'd,
821 1305 850 1360 id
871 1309 913 1360 est
962 1305 1084 1358 tendum
1097 1304 1133 1358 sit
1143 1304 1426 1374 etpsatlendum.Sic
1437 1303 1769 1375 dicoCoufitemiuipsol-

107 1387 353 1463 fideliumquibus
368 1394 530 1449 dictumest
545 1396 573 1448 in
588 1395 762 1466 praecedeuti
778 1395 910 1465 psalmo:
963 1390 1016 1457 lile,
1031 1393 1064 1446 Et
1085 1392 1124 1446 sic
1144 1392 1310 1447 laciendum
1330 1395 1373 1446 est
1400 1394 1462 1464 quio
1492 1397 1592 1446 rectum
1612 1399 1653 1446 est
1670 1393 1773 1447 valum

106 1476 251 1532 Laelorrum'
264 1483 291 1533 iu
305 1481 430 1549 Dareine,
452 1484 568 1538 exultate
577 1485 648 1553 justi
668 1502 676 1537 e
697 1484 912 1537 exhortantium
962 1479 1082 1534 Domini.
1104 1480 1186 1544 Quod
1202 1483 1244 1534 est
1270 1480 1363 1535 dicere
1384 1481 1523 1552 quiahoc
1543 1479 1665 1546 vadum,
1685 1481 1774 1536 idest

26 1554 33 1562 ’
107 1581 137 1619 se
152 1569 182 1619 ut
197 1570 339 1623 exsultent
356 1570 383 1623 iu
401 1572 484 1625 laude
494 1572 620 1638 Domini,
637 1572 743 1625 scilicet
754 1575 785 1625 ut
795 1572 913 1625 laudent
964 1573 1142 1642 praeceptum
1161 1570 1296 1624 cantandi
1314 1575 1356 1625 cst
1375 1570 1507 1637 Durvu'ai3
1523 1572 1553 1624 et
1574 1570 1640 1626 ideo
1663 1576 1771 1625 restrum

109 1668 175 1708 eum
192 1658 221 1708 et
235 1656 262 1709 in
276 1657 385 1712 cithara
400 1663 428 1714 et
442 1660 470 1713 in
484 1661 629 1730 psalterio.
645 1662 678 1714 Et
694 1661 780 1714 etiam
797 1663 914 1714 cautent
965 1658 1011 1711 Est
1023 1658 1101 1712 enim
1117 1666 1214 1712 rectum
1226 1663 1257 1713 ut
1268 1675 1348 1713 servo
1359 1658 1499 1712 Dominus
1506 1661 1536 1711 et
1544 1660 1687 1713 creatura
1697 1675 1772 1713 crea·

92 1741 133 1816 ιεἰ
149 1759 255 1797 novum
269 1746 413 1802 canticum
431 1747 459 1801 in
476 1749 692 1803 vociteratione.
703 1747 952 1805 Prateuditau-B
966 1750 1012 1801 tor
1026 1747 1160 1818 imperet.
1170 1747 1204 1799 Et
1220 1746 1285 1801 ideo
1303 1753 1407 1800 cantate
1424 1753 1449 1800 ct
1469 1747 1637 1814 confitemini
1649 1748 1687 1813 ei,
1704 1746 1773 1801 sicut

106 1832 166 1883 tem
182 1833 399 1889 honestissimas
420 1853 518 1891 causas
537 1853 588 1891 cur
607 1837 661 1890 hoe
679 1836 846 1890 iaciendum
867 1836 914 1890 sit.
967 1833 1097 1900 dicimus,
1115 1833 1263 1913 operando
1280 1851 1287 1888 ι
1304 1834 1372 1905 quia
1386 1835 1476 1887 ercinia
1487 1850 1564 1904 opero
1580 1833 1621 1887 eis
1637 1850 1704 1906 que
1717 1834 1774 1905 ipse

107 1917 237 1973 Ostendit
252 1922 340 1976 etiam
352 1925 383 1977 iu.
393 1924 483 1992 sineru,
501 1926 612 1979 nullum
626 1924 678 1978 nisi
695 1924 744 1979 Dei
760 1924 854 1995 gratia
869 1924 918 1979 ad·
966 1923 1095 1994 precepit
1110 1924 1235 1993 operari,
1251 1927 1318 1977 sunt
1338 1925 1417 1977 recta
1432 1927 1461 1977 ia
1474 1922 1526 1990 fide
1538 1922 1651 1995 positis,
1674 1938 1773 1994 quam

102 2006 222 2078 juvante
237 2010 348 2064 salvari.
364 2011 436 2066 Dicit
451 2030 519 2084 ergo
535 2033 541 2068 :
966 2011 1007 2065 vis
1020 2011 1174 2066 incredulis
1186 2011 1338 2065 videantur
1353 2011 1467 2081 injusta.
1479 2010 1560 2066 Unde
1569 2010 1711 2084 scriptum
1722 2017 1772 2066 est:

141 2095 268 2151 Eruitutc
275 2100 345 2167 justi
355 2103 382 2153 iu
393 2101 521 2169 Domino,
535 2102 563 2156 id
577 2104 619 2156 est
638 2101 667 2155 in
692 2102 774 2155 laude
788 2101 914 2156 Domini.
968 2121 981 2148 ι(
997 2099 1053 2154 n'isi
1072 2099 1261 2167 credideritis,
1279 2116 1337 2154 uon
1361 2100 1527 2170 intelligetis
1544 2098 1622 2166 (lsai.
1638 2116 1689 2165 vri,
1705 2102 1742 2170 a).
1761 2120 1772 2149 ι

106 2182 189 2248 Quod
204 2189 247 2239 est
261 2186 371 2242 dicere:
382 2190 560 2245 Exsultantes
571 2190 684 2245 laudate
700 2190 867 2245 Dominum.
883 2192 917 2244 Et
967 2188 1001 2241 Et
1014 2188 1079 2242 idco
1091 2189 1183 2242 adhuc
1198 2194 1335 2242 cautulcct
1347 2189 1523 2257 confitemiai3
1539 2188 1607 2259 quia
1620 2187 1712 2258 dilipit
1723 2205 1772 2243 na·

106 2273 306 2328 exsultandum
328 2275 408 2330 vobis
428 2281 470 2331 est
495 2277 523 2331 iu
548 2279 603 2332 boc
626 2297 632 2332 :
661 2278 733 2332 Nam
755 2295 805 2333 vos
834 2284 916 2333 rectos
966 2276 1325 2330 turalitererisericordimu
1347 2282 1371 2328 et
1390 2275 1540 2346 judicium.
1566 2275 1655 2339 Quasi
1675 2275 1772 2330 dicat:

105 2361 202 2427 corde,
220 2362 248 2416 id
268 2364 310 2417 est
321 2364 414 2434 J'ustos
434 2366 506 2419 decet
529 2366 656 2421 laudatio
677 2366 802 2421 Domini.
823 2390 836 2416 u
852 2367 914 2421 Non
966 2364 1038 2418 Cum
1063 2364 1123 2435 ipsc
1147 2364 1316 2419 naturaliter
1332 2363 1493 2419 misericors
1516 2365 1561 2429 sit,
1589 2364 1774 2419 miserebitur

106 2452 149 2504 est
163 2449 241 2504 enim
258 2452 387 2523 speciosa
406 2454 510 2508 lausia
531 2471 582 2509 ore
597 2456 754 2526 peccatoris
771 2472 777 2509 ε
794 2475 809 2507 ε
827 2455 912 2519 (Eccl.
965 2453 1059 2521 vestri,
1076 2453 1098 2506 si
1121 2453 1146 2507 ei
1165 2453 1357 2519 cantaveritis,
1372 2453 1451 2523 juxta
1464 2453 1534 2507 illud
1552 2452 1657 2508 loelis:
1670 2475 1684 2503 «
1698 2452 1774 2507 ltise·

105 2555 151 2605 xv,
176 2538 214 2605 a),
237 2539 310 2594 illius
336 2542 444 2597 seilicet
469 2544 516 2615 qui
544 2543 711 2614 resipiscere
727 2561 786 2598 non
802 2546 862 2598 vult
887 2547 916 2599 et
964 2543 1054 2597 ricors
1070 2544 1121 2608 est,
1138 2544 1167 2596 ct
1186 2541 1356 2613 prestabilis
1370 2558 1456 2613 super
1475 2541 1595 2596 malitia.
1612 2562 1627 2590 »
1641 2541 1721 2614 (luel,
1743 2558 1772 2607 u,

104 2631 199 2682 rectus
215 2628 286 2683 lieri.
304 2631 429 2700 Exponit
452 2650 520 2687 vero
542 2649 593 2704 per
613 2637 709 2703 partes
728 2633 757 2686 iu
779 2650 835 2704 quo
859 2634 915 2688 lau·
966 2632 1057 2699 latui
1065 2648 1131 2685 cum
1147 2631 1207 2701 ipse
1225 2630 1394 2685 naturaliter
1400 2631 1503 2700 J'ustus,
1510 2630 1622 2700 justum
1631 2630 1773 2701 judicium

106 2715 175 2770 dent
191 2734 268 2785 euru,
286 2719 324 2774 sic
340 2737 346 2773 :
361 2720 441 2787 Dice,
455 2722 593 2789 cesreltute,
606 2722 634 2777 in
648 2723 702 2777 hoc
712 2722 828 2777 scilicet.
847 2722 916 2777 Con-
965 2719 1075 2790 diligat,
1086 2719 1331 2790 justojudiciovos
1346 2719 1492 2773 (lampavit
1505 2718 1557 2773 uisi
1573 2718 1599 2772 ei
1613 2719 1772 2773 cantaveri-

104 2805 380 2875 fiteme'mllumiuuin
392 2811 507 2877 cittium,
524 2812 552 2866 id
570 2815 613 2866 est
629 2812 744 2866 laudate
760 2812 915 2866 Dominum
965 2808 1001 2862 tis
1014 2811 1044 2862 ct
1056 2808 1177 2862 confessi
1200 2807 1320 2861 fueritis.
1338 2807 1419 2862 Unde
1437 2807 1576 2878 scriptum
1593 2810 1636 2861 est
1653 2827 1661 2862 ε
1680 2830 1694 2854 ει
1708 2805 1773 2862 llibi

104 2893 133 2948 in
147 2897 231 2950 laude
244 2899 475 2955 mortificationis
486 2901 580 2955 caruis
595 2903 705 2956 vestrae.
723 2900 802 2965 Quod
820 2901 914 2956 estdi-
964 2895 1131 2964 vindictam,
1157 2900 1185 2950 et
1211 2912 1265 2967 ego
1295 2896 1465 2963 retribuam,
1493 2895 1561 2949 dicit
1586 2895 1771 2950 Dominus.»

104 2998 169 3038 ecre
184 3003 190 3039 :
206 2985 373 3041 llortiDcate
389 2989 523 3042 membra
548 2993 651 3054 vestra,
673 2991 728 3044 etc.
750 2989 826 3042 Deae
847 3005 914 3042 vero
966 2982 1057 3056 (Deut.
1074 3001 1158 3051 xxxu,
1184 2986 1232 3051 353
1254 2983 1335 3038 Rern.
1352 3001 1400 3049 xxx,
1426 2985 1479 3054 ιιι).
1497 2983 1565 3038 Dico
1581 2983 1661 3055 quod
1685 2982 1773 3052 dilr'qit

104 3073 289 3129 mortificatio
311 3076 370 3130 llaec
385 3076 495 3131 cithara
512 3077 617 3131 dicitur
634 3077 721 3131 :Nam
734 3077 770 3130 ab
784 3076 915 3131 interiori
965 3073 1182 3128 irrisericordiom.
1199 3074 1231 3127 Et
1246 3073 1313 3126 inde
1328 3073 1383 3127 hoc
1398 3072 1487 3128 videri
1499 3075 1603 3143 polest,
1615 3071 1771 3143 quiamrac·

105 3164 196 3230 parte,
213 3161 243 3216 id
256 3166 299 3216 est
309 3180 325 3216 a
336 3164 519 3219 sensualitate
531 3165 705 3220 mortificata
716 3168 832 3219 resonat
844 3166 912 3233 Deo,
964 3163 1078 3217 ricorclia
1089 3163 1200 3216 Doruini
1210 3162 1291 3233 plenu
1306 3170 1343 3216 est
1358 3169 1437 3228 terre,
1449 3161 1478 3214 id
1491 3163 1533 3215 est
1552 3160 1688 3227 Ecclesia,
1709 3176 1773 3232 qne

104 3247 134 3301 id
149 3254 191 3304 est
206 3267 271 3304 eum
290 3252 468 3310 laudat.lt'un
485 3270 564 3321 voce,
574 3254 624 3307 sed
640 3253 701 3323 ipsa
714 3253 756 3306 sui
772 3253 914 3308 evidentia
965 3250 1014 3305 Dei
1030 3254 1106 3305 terra
1122 3254 1174 3317 est,
1182 3267 1270 3322 quam
1281 3249 1518 3320 praedicatoribus
1528 3249 1643 3304 excolit.
1651 3247 1773 3319 Exponit

106 3339 143 3392 ad
158 3339 277 3393 niodum
292 3340 420 3406 citharae,
436 3358 499 3412 quae
520 3343 556 3396 ab
579 3342 716 3396 interiore
737 3342 914 3397 ‹roncavitate
964 3342 1061 3393 autem
1087 3338 1234 3409 quonmdu
1258 3338 1440 3392 mesericordia
1462 3337 1497 3391 sit
1513 3338 1605 3407 plena,
1622 3337 1664 3391 sic
1679 3354 1686 3391 ε
1702 3337 1772 3391 Vere

104 3431 231 3481 resonat.
247 3427 423 3483 Sensualitas
437 3446 563 3501 namque
578 3446 630 3501 per
645 3430 739 3484 carnis
756 3430 912 3484 mortifica·
964 3429 1050 3498 plena
1065 3430 1108 3480 est
1122 3426 1335 3492 misericordia3
1350 3427 1402 3480 hac
1418 3425 1533 3491 scilieet,
1551 3425 1636 3479 Verte
1650 3424 1771 3491 Domitii,

106 3515 216 3570 tionem
232 3517 432 3585 mortificatur,
446 3535 483 3573 ue
497 3519 735 3589 tantumutprius
749 3519 868 3574 vanitati
879 3519 914 3573 sit
963 3516 992 3570 id
1008 3518 1050 3569 cst
1064 3533 1116 3587 per
1132 3515 1233 3570 Filium
1247 3515 1363 3570 Domini
1379 3516 1444 3581 cati,
1465 3515 1494 3568 id
1510 3517 1552 3568 est
1569 3513 1773 3584 praedicatores

105 3602 227 3660 intenta.
246 3606 280 3659 Et
299 3607 325 3658 iu
338 3607 466 3676 praularia
486 3606 571 3660 ‹leccm
588 3607 757 3672 elicrdmvuu,
774 3607 803 3660 id
825 3607 912 3661 estin
962 3605 1069 3658 tirmati
1085 3608 1151 3658 sunt
1167 3604 1195 3658 in
1221 3603 1277 3657 ilde
1293 3607 1322 3657 et
1337 3603 1498 3658 sanctitate.
1520 3605 1555 3657 Et
1568 3605 1670 3673 postea
1683 3603 1770 3658 amaris

106 3693 242 3763 psalterio
257 3694 382 3748 habente
397 3695 497 3750 dcccm
513 3695 645 3762 chordas,
652 3695 762 3765 psallite
771 3694 819 3748 illi.
831 3695 912 3758 Quod
962 3695 1045 3747 civius
1062 3711 1152 3747 corum.
1165 3709 1252 3764 quam
1263 3693 1371 3746 liabent
1387 3692 1552 3747 innocentia
1567 3694 1596 3745 et
1608 3692 1771 3758 sanctitate,

106 3783 150 3834 est
172 3781 265 3837 dicere
283 3802 289 3836 :
308 3783 433 3837 Laudate
454 3800 520 3838 cum
548 3783 577 3837 iu
602 3784 792 3838 vivificatione
809 3784 913 3838 mentis
963 3784 1144 3853 confirmata)
1161 3786 1203 3836 est
1217 3784 1377 3853 spiritumet
1392 3780 1616 3853 ejus,idcstper
1631 3779 1771 3851 Spiritum

104 3871 456 3942 vestrae,quvivificatur
470 3887 521 3942 per
539 3873 639 3926 decem
655 3873 777 3927 chordas
789 3871 914 3943 quasba-
963 3875 1103 3939 sanctum,
1121 3871 1169 3942 qui
1187 3887 1245 3925 non
1262 3871 1354 3925 solum
1371 3871 1494 3935 aPatre,
1510 3870 1688 3924 sedetiama
1702 3867 1770 3922 Filio

105 3955 202 4024 bet,id
217 3963 259 4012 cst
271 3976 323 4029 per
334 3961 559 4031 completionem
579 3961 679 4014 decem
700 3960 771 4030 legis
783 3976 911 4031 praecep-
963 3960 1101 4032 procedit..
1117 3960 1170 4023 Dui
1187 3959 1271 4014 lilius
1285 3975 1315 4012 os
1330 3958 1377 4013 Dei
1400 3959 1512 4024 dicitur,
1530 3975 1564 4012 co
1587 3957 1666 4028 quod
1689 3956 1770 4011 nubis

105 4047 213 4109 torum,
225 4063 289 4117 qum
300 4046 433 4100 dicuntur
444 4047 570 4114 chordae,
587 4064 620 4101 eo
635 4047 712 4118 ‹Juod
725 4064 841 4101 suavem
853 4049 911 4102 Deo
963 4066 1014 4121 per
1027 4065 1093 4102 eum
1109 4047 1157 4101 Dei
1171 4051 1280 4101 secreta
1295 4048 1420 4100 revelata
1440 4050 1518 4111 sunt,
1540 4046 1581 4099 sie
1604 4062 1656 4099 ore
1677 4043 1771 4098 cordis

108 4136 224 4187 cautum
240 4151 298 4189 uun
314 4134 343 4188 in
359 4152 427 4189 voce
452 4137 494 4190 vcl
514 4152 596 4201 souo,
613 4136 662 4189 scd
678 4137 708 4189 iu
725 4136 785 4207 ipsa
801 4137 841 4190 rei
855 4137 912 4190 evi·
963 4141 1072 4192 secreta
1085 4138 1258 4191 revelantur.

107 4218 344 4286 deutiarcddant‚
358 4223 394 4276 axi
411 4223 531 4277 modum
543 4224 717 4277 chordarum
727 4224 839 4278 dulcem
848 4242 913 4278 cau·
998 4227 1067 4279 b'ain
1084 4243 1149 4279 cum
1163 4225 1214 4294 ipsi
1226 4224 1305 4294 [arixis
1314 4224 1476 4296 peritiiristi
1488 4223 1652 4278 doctrinam
1668 4222 1769 4278 etiidei

106 4312 169 4363 tum
180 4311 342 4364 resonando
358 4312 552 4366 reddentium.
570 4312 668 4367 lderite
686 4313 861 4384 quippclaus
872 4314 911 4368 vi·
926 4289 991 4366 Dct
1013 4312 1170 4367 sanctitatis
1195 4317 1290 4366 esseut
1305 4312 1408 4365 virtute
1424 4313 1541 4378 lirxuati,
1561 4329 1614 4384 per
1637 4317 1769 4367 sanctum

105 4396 224 4453 vilicatus
240 4400 345 4454 mentis
359 4401 526 4473 psalterium
543 4401 698 4469 dicitur,co
710 4402 788 4474 quod
804 4419 911 4475 asupe-
962 4405 1060 4472 postea
1074 4401 1205 4472 spiritum
1223 4401 1251 4454 iu
1268 4400 1370 4454 cadem
1384 4401 1560 4455 virtutcsunt
1576 4401 1770 4456 omninocuu·

106 4485 187 4553 riori,
203 4488 288 4544 idest
304 4491 429 4562 digniori
447 4496 528 4563 parte
551 4492 640 4547 nostri
663 4496 790 4559 resonat,
806 4493 913 4548 scilicet
961 4490 1078 4545 llrmati.
1097 4489 1149 4554 eui
1167 4489 1304 4543 nimirum
1320 4507 1372 4561 pcr
1386 4489 1488 4543 isaiam
1502 4512 1516 4538 α
1531 4489 1647 4560 spiritus
1662 4488 1769 4545 consilii

106 4591 125 4630 a
137 4581 235 4631 mente
251 4578 417 4634 admodum
434 4581 561 4651 psalterii
577 4599 609 4636 cx
623 4581 762 4652 superiori
780 4582 911 4636 concavi·
962 4582 991 4633 ει
1005 4578 1183 4634 tortitudinis
1198 4578 1302 4633 dicitur
1318 4577 1381 4648 (Iso.
1396 4595 1434 4645 xx,
1452 4581 1490 4648 ξι),
1508 4600 1522 4626 u
1536 4595 1570 4632 eo
1588 4579 1668 4650 quud
1683 4578 1770 4633 sortes

105 4666 167 4720 tate
180 4667 350 4722 resonantis.
374 4671 406 4723 Et
423 4676 527 4723 cernente
541 4672 566 4723 ei
579 4672 710 4723 comicum
722 4654 788 4741 96
803 4688 910 4736 rebeum,
961 4667 1047 4722 faciat
1061 4671 1089 4721 ει
1103 4667 1211 4721 iirmos.
1226 4666 1294 4722 Dico
1310 4666 1387 4738 quod
1398 4667 1486 4720 virtus
1497 4683 1599 4721 eorum
1611 4671 1654 4721 est
1668 4667 1770 4722 conlu-

106 4752 136 4809 id
145 4757 382 4812 esttamlatecum
390 4775 464 4812 novo
473 4758 911 4829 cantico,seilicetcompletione
962 4759 1043 4811 mata
1056 4756 1159 4826 tp'rr'tu
1175 4758 1227 4809 uris
1240 4756 1306 4825 ejus.
1322 4755 1390 4818 Quae
1404 4756 1440 4809 ad
1465 4756 1520 4810 hoc
1534 4759 1577 4810 est
1602 4756 1772 4811 confirmata

105 4849 317 4917 praeceptorum
328 4864 392 4919 quau
408 4863 497 4901 novus
510 4848 603 4901 Adam
619 4848 796 4902 construxit:
809 4848 838 4902 iu
856 4864 913 4919 qua
963 4849 995 4899 ut
1004 4845 1040 4899 sit
1058 4862 1229 4914 conprecare,
1245 4844 1327 4898 idest
1348 4845 1529 4916 conjungens
1542 4863 1624 4917 aquus
1640 4849 1732 4913 muris,
1743 4845 1772 4900 id

107 4934 182 4988 Deus
196 4934 355 4990 delectatur
368 4936 440 4990 sicut
460 4936 489 4990 in
505 4937 627 4991 caxitico.
644 4937 724 4991 Unde
740 4937 911 5007 Apostolus:
964 4938 1007 4989 est
1020 4934 1144 5006 iniquos,
1161 4934 1208 5005 qui
1226 4934 1380 4989 defluendo
1405 4950 1458 5005 per
1483 4934 1582 4989 illicita
1604 4934 1677 4989 sicut
1692 4950 1771 5006 aquea

108 5043 122 5070 o
140 5022 280 5078 Exuentes
291 5024 577 5079 veteremliomiuem
591 5041 657 5079 cum
668 5025 777 5079 actibus
790 5025 856 5091 suis,
870 5024 913 5078 iu·
964 5022 1208 5078 deiluuntzamari
1224 5024 1282 5078 Deo
1298 5025 1364 5076 sunt
1375 5026 1406 5077 ut
1422 5039 1514 5090 mare,
1529 5023 1602 5077 sicut
1615 5039 1772 5095 aqumcou-

106 5108 184 5164 duitc
198 5128 304 5166 nevum
317 5111 687 5184 hominemquisocundum
701 5115 791 5167 Deum
802 5115 914 5168 creatus
964 5116 1123 5183 gregantur
1143 5113 1172 5166 in
1194 5116 1267 5166 utre.
1285 5112 1367 5176 Quod
1383 5117 1425 5166 est
1438 5112 1533 5167 dicere
1549 5129 1554 5166 :
1571 5113 1654 5167 Virus
1673 5128 1773 5167 eorum

107 5202 150 5251 est
165 5197 274 5270 (Epicu.
292 5216 329 5265 xv,
344 5200 405 5270 l·t);
423 5201 551 5256 »scilicet
561 5223 574 5250 ι(
586 5200 703 5272 Diligite
722 5201 855 5255 inimicos
870 5217 914 5255 ve·
965 5201 1151 5272 conjungitet
1160 5201 1665 5273 constringitperlegemimpositam
1674 5201 1705 5255 in
1716 5200 1775 5255 uni·

107 5287 360 5352 etros,benclaeite
375 5289 419 5343 his
430 5289 477 5360 qui
490 5290 614 5345 oderunt
628 5306 677 5344 vos
692 5290 768 5354 (Luc.
782 5293 881 5356 vall).
900 5310 914 5337 »
964 5294 1023 5345 tate
1034 5289 1100 5345 fidei
1111 5293 1141 5343 et
1155 5291 1317 5346 dilectionis
1325 5294 1354 5345 et
1369 5290 1558 5363 operationis,
1573 5306 1623 5345 cos
1636 5290 1687 5362 qui
1698 5290 1775 5361 prius

108 5374 142 5428 Et
158 5376 506 5448 :amaritudinemque
523 5378 643 5445 habetis,
657 5380 687 5431 et
701 5378 767 5432 datc
780 5376 914 5449 pauperi·
966 5379 1003 5433 ad
1023 5379 1143 5433 modum
1166 5379 1322 5434 veluntatis
1342 5395 1443 5433 eorum
1459 5395 1512 5449 per
1527 5379 1665 5450 qualibet
1680 5378 1777 5433 illicita

109 5461 172 5529 bus,
202 5468 231 5517 et
259 5465 414 5535 sequimini
438 5483 496 5533 me,
517 5467 586 5521 dicit
604 5465 743 5522 Dominus
758 5465 869 5538 (Metti.
887 5482 914 5534 v,
966 5466 1149 5535 deiluebaut;
1166 5467 1238 5524 sicut
1253 5484 1412 5540 aquasquas
1427 5467 1505 5538 prius
1521 5465 1779 5523 deilueuteserant

102 5549 230 5619 1143an
240 5551 341 5624 nimi).
351 5572 367 5602 e
378 5553 512 5611 Etetiam
519 5554 589 5610 talia
602 5557 748 5627 praecepta
760 5555 915 5626 complete,
965 5554 1075 5612 iu-utre
1087 5555 1249 5627 conjuncte
1263 5555 1581 5615 adellueudilacultate
1596 5558 1777 5613 coercentur.
