3772 5970
127 269 196 341 itti
421 272 451 339 S.
470 272 644 339 nuuuoms
664 268 981 332 sturnustnuouutt
1000 268 1236 335 tusrttutouts
1254 267 1333 333 OPP.
1353 270 1442 331 PARS
1455 268 1477 334 l.
1719 266 1798 331 ilud

123 402 322 478 superioribus
327 402 470 480 jungitur.
478 403 540 461 Dixi
551 400 628 477 quod
641 399 750 467 ildeles,
759 397 789 453 in
801 411 921 470 genera·
936 394 964 457 Α
977 394 1008 450 ln
1024 395 1081 454 hoc
1093 400 1192 454 antem
1207 396 1339 455 Dominus
1351 396 1556 472 comprobatur
1570 412 1635 454 esse
1650 391 1796 469 fidelis,id

121 494 201 549 tione
217 498 246 550 et
260 495 458 567 generatione,
473 491 697 562 magnificentium
713 487 844 560 gloriosae
861 502 923 540 son·
975 489 1019 540 est
1030 503 1114 542 verax
1131 489 1159 542 in
1174 489 1295 542 omnibus
1305 487 1463 555 oerbbsnis,
1474 487 1553 559 quia,
1571 502 1641 542 cnm
1659 501 1796 557 regnum

122 583 233 649 utitatis,
247 600 335 654 quam
350 586 379 637 tu
395 584 470 638 Deus
484 581 531 636 bic
541 581 592 635 das
604 577 719 642 sanctis,
736 576 883 647 toquentur,
894 578 924 628 et
974 590 1057 628 sunm
1074 577 1239 646 promiserit
1253 575 1639 642 bominibuscorrnentibus,
1654 574 1729 629 inde
1742 589 1797 645 ρει

122 667 176 725 bac
187 670 417 726 consideratione
430 673 457 725 te
466 669 633 724 laudabunt.
646 665 847 722 Etnonsolum
857 663 922 728 boc,
975 662 1127 735 originalia
1136 666 1428 737 peccataotactnalia,
1442 668 1471 720 et
1480 681 1534 736 per
1546 682 1576 720 sc
1591 683 1658 721 non
1676 664 1796 735 possint

121 757 173 812 sed
186 759 275 814 etiam
288 759 324 814 ad
333 758 372 813 lui
381 759 495 813 landem
506 757 541 812 ad
552 755 673 810 invicem
681 754 794 824 glorium
804 754 879 822 regni
885 753 925 806 tui
973 751 1010 806 ad
1025 752 1094 808 illud
1103 753 1267 821 ascendere,
1276 755 1372 809 olleoot
1382 754 1513 809 Dominus
1528 769 1581 827 per
1589 753 1794 826 adeptionem

121 846 220 915 diensi,
237 847 266 904 id
282 851 325 903 est
339 848 498 902 laudabunt
510 848 537 901 ιε
559 844 682 900 diceudo
698 847 727 899 et
746 842 922 899 recensendo
973 841 1074 909 gratie
1087 860 1177 898 ornnes
1191 844 1241 915 qui
1261 843 1328 898 indo
1341 850 1479 910 comuunt,
1495 843 1525 899 id
1541 846 1585 898 est
1599 841 1794 898 omnismodi

120 935 258 1005 gloriam,
275 953 362 1010 qnam
379 936 408 991 in
423 936 519 991 loturo
535 933 639 991 sanctis
654 933 709 988 tuis
723 933 752 988 in
771 948 861 1004 regno
873 933 922 987 tuo
972 927 1464 1004 hominesquodindecorruuntper
1474 936 1628 1003 peccatum
1641 931 1793 1004 originale

120 1023 212 1080 dabis,
973 1019 1002 1072 et
1017 1035 1068 1091 per
1077 1020 1209 1075 actualia.
1223 1021 1332 1076 Alieoot
1346 1019 1464 1092 quidem
1476 1025 1541 1092 post
1554 1020 1696 1093 corporis
1712 1036 1795 1075 mor·

156 1113 190 1167 Et
201 1113 257 1168 dixi
273 1115 350 1186 quod
364 1114 495 1169 uirtutem
518 1112 677 1167 terribilium
695 1117 802 1165 tuorum
824 1110 921 1174 dicent,
973 1109 1045 1174 tem,
1061 1109 1157 1164 darido
1170 1110 1211 1163 eis
1224 1109 1252 1164 in
1269 1109 1329 1182 ipso
1342 1127 1434 1183 regno
1450 1110 1610 1182 perlectam
1629 1110 1794 1165 beatitudi-

118 1200 227 1257 scilicet
237 1202 273 1257 ad
285 1202 325 1257 tui
336 1203 452 1258 laudem
464 1202 560 1257 dicent
571 1201 646 1255 inter
656 1216 685 1254 sc
702 1198 854 1253 virtuosam
870 1213 923 1268 po·
972 1197 1267 1264 uem,asimilitndine
1279 1199 1346 1254 boni
1360 1199 1549 1273 pastoris,qui
1560 1217 1650 1255 orem
1667 1218 1739 1272 quse
1756 1201 1792 1257 de

117 1289 241 1346 letitiam
254 1291 398 1347 ultionum
412 1294 527 1346 tuarum
543 1288 791 1359 terribilium,qna
805 1287 851 1341 liic
866 1287 920 1340 im·
970 1285 1083 1355 pascuis
1094 1287 1137 1340 vel
1149 1285 1185 1340 dc
1198 1285 1262 1340 ovili
1279 1286 1545 1357 montiscujnslibet
1557 1287 1721 1356 corruunt
1731 1306 1791 1346 uon

118 1377 182 1449 pios
192 1377 327 1449 punislit
339 1395 398 1434 uon
407 1379 500 1434 solum
514 1377 634 1444 boc,sed
644 1379 673 1431 et
682 1377 920 1448 innitentur-poten·
971 1376 1065 1444 petest
1074 1391 1159 1445 porse
1171 1376 1337 1443 ascendero,
1346 1375 1518 1431 inbumeros
1527 1394 1594 1432 snos
1609 1379 1743 1443 levat,et
1752 1377 1791 1435 ad

118 1469 185 1523 tium
198 1474 282 1534 tirom,
299 1485 356 1539 qua
366 1467 469 1538 impios
479 1466 508 1521 in
519 1467 614 1520 tuturo
628 1465 775 1537 punies,et
786 1464 840 1520 hoc
855 1481 921 1519 con·
972 1477 1086 1532 pascua,
1097 1463 1139 1518 vol
1157 1463 1193 1518 ad
1203 1463 1276 1518 ovile
1287 1467 1429 1534 reportat.
1444 1465 1478 1520 Et
1492 1466 1567 1521 bene
1578 1466 1670 1538 ponit
1682 1483 1790 1534 omnes,

116 1554 192 1610 initu
199 1556 358 1610 laudabunt
366 1558 403 1611 ιε.
417 1555 579 1627 loquimtor,
593 1553 724 1625 inquam,
740 1552 816 1607 inter
829 1570 858 1607 so
868 1570 919 1623 po·
971 1568 1029 1605 non
1039 1551 1115 1623 qnod
1126 1554 1335 1608 onmesallevet
1346 1553 1394 1624 qni
1404 1553 1473 1609 inde
1488 1557 1644 1621 corruunt,
1656 1556 1712 1610 sed
1720 1555 1790 1628 quia

118 1645 231 1698 tentiam
252 1652 337 1708 tuum,
360 1643 401 1698 ita
423 1646 521 1699 tamen
536 1650 565 1697 ut
578 1642 642 1697 aliis
654 1641 717 1712 filiis
729 1643 874 1706 bominum,
892 1641 919 1695 id
970 1655 1002 1693 ex
1013 1638 1209 1710 omnigenere
1222 1641 1418 1696 corruentium
1433 1643 1539 1697 multos
1552 1642 1789 1709 allevat,videli-

116 1735 160 1786 est
174 1731 341 1788 hominibus
355 1731 449 1804 ipsam
477 1730 676 1803 ignorantibus
700 1736 791 1785 notum
815 1712 954 1799 socinntB
969 1730 1015 1781 cet
1029 1731 1057 1782 ct
1072 1728 1107 1783 de
1118 1728 1214 1783 minus
1225 1729 1363 1801 graviter,
1374 1730 1447 1784 etde
1463 1730 1556 1802 magis
1567 1731 1706 1802 graviter
1719 1749 1789 1803 pec-

115 1820 192 1876 banc
201 1823 352 1892 potentium
368 1828 452 1887 tuom,
467 1823 496 1875 ει
505 1819 545 1876 sic
553 1838 602 1876 eos
616 1821 653 1875 ab
663 1821 716 1875 hac
727 1819 867 1892 potentia,
882 1835 918 1873 ne
970 1816 1443 1891 cantibus.Aileout,inquam,post
1453 1821 1714 1893 mortem.thuia
1725 1837 1787 1877 non

115 1926 165 1965 eos
177 1910 279 1982 puniat
292 1927 391 1966 cavere
407 1926 459 1981 per
472 1910 579 1965 bonam
592 1908 681 1964 vitam
698 1907 917 1963 iaciantdtllixi
955 1909 1084 1976 -possent
1100 1904 1215 1960 allevari
1232 1906 1268 1960 ad
1284 1906 1338 1962 boc
1351 1924 1474 1978 regnum
1489 1911 1713 1978 postmortem,
1726 1908 1784 1964 nisi

115 1996 255 2068 quonium
266 1998 344 2053 inter
355 2015 385 2053 so
401 1997 501 2053 dicunt
509 1999 624 2067 gloriom
636 1998 712 2065 regni
722 1998 771 2063 tui,
781 2003 806 2051 et
823 1994 863 2049 sic
879 1998 918 2050 ta·
967 1992 1046 2064 prius
1058 1993 1087 2049 in
1096 1995 1149 2049 hac
1159 1995 1216 2049 vita
1228 1995 1410 2066 erigerentur
1421 2013 1472 2063 per
1480 2000 1670 2068 peccatorum
1679 1998 1785 2052 remis·

115 2100 185 2140 mon
196 2091 226 2139 ut
239 2085 302 2142 aliis
311 2086 510 2155 ignorantibus
520 2093 609 2140 notem
619 2087 724 2157 sociant
736 2086 851 2154 glirium
861 2099 917 2140 mo·
967 2080 1092 2148 sionem,
1106 2083 1185 2154 prins
1196 2085 1278 2154 eripit
1292 2101 1391 2151 omnes,
1405 2084 1433 2139 id
1449 2087 1491 2139 est
1507 2085 1692 2142 omnismodi
1707 2087 1784 2142 elisos

114 2174 283 2242 gnificmtioe,
301 2158 399 2247 576
407 2174 435 2229 id
446 2176 488 2229 εει
500 2174 686 2245 magnificam
701 2173 822 2244 gloriam
840 2173 916 2242 regni
967 2171 1027 2225 tam
1043 2171 1157 2241 gravius
1176 2188 1264 2243 quam
1279 2171 1375 2227 minus
1397 2173 1524 2244 graviter
1544 2173 1644 2240 elisos,
1670 2175 1783 2229 scilicet

115 2263 164 2328 tui,
180 2266 209 2317 ot
225 2262 456 2319 notificandocos
468 2263 504 2317 ad
519 2261 820 2333 appetitionemregni
833 2261 917 2332 hujus
967 2273 1033 2312 cum
1045 2276 1078 2313 cx
1093 2261 1154 2314 toto
1167 2260 1225 2315 sint
1239 2260 1310 2327 elisi,
1324 2261 1352 2316 id
1369 2265 1411 2315 est
1422 2278 1486 2315 cum
1505 2261 1534 2315 in
1559 2262 1604 2317 eis
1620 2264 1780 2319 contracte

114 2351 272 2406 attrahant.
294 2350 383 2421 Regni
402 2353 443 2408 toi
459 2351 532 2418 dico,
556 2351 633 2423 quod
659 2368 769 2420 regnum
785 2356 860 2404 turim
874 2349 917 2403 est
967 2345 1025 2400 sint
1039 2347 1204 2414 virtutes,et
1216 2349 1778 2423 liberumarbitrium,propternimium

115 2454 227 2506 regnum
240 2441 360 2493 omnium
371 2439 539 2505 sauciorum,
554 2439 583 2515 id
598 2440 641 2493 est
656 2438 783 2493 durabile
796 2453 847 2507 per
857 2454 918 2492 om·
967 2436 1081 2505 pondus
1095 2440 1291 2507 peccatorum,
1308 2442 1398 2510 otper
1411 2455 1441 2493 se
1456 2455 1516 2494 non
1530 2438 1644 2510 possint
1657 2439 1696 2495 de
1707 2457 1778 2495 con-

114 2523 165 2578 tria
179 2525 292 2592 secuta,
309 2524 857 2596 scilicetoeternumestddeoquenimio
871 2525 918 2579 de·
966 2523 1107 2579 fractione
1124 2526 1177 2581 bac
1192 2525 1274 2597 erigi,
1285 2526 1370 2598 erigit
1384 2543 1434 2583 eos
1448 2529 1566 2600 peccata
1583 2527 1776 2595 remittendo,

115 2610 221 2668 siderio
236 2616 280 2668 est
291 2614 496 2685 appetendum.
515 2613 577 2668 uin
591 2629 705 2685 quoque
730 2613 806 2684 qnod
825 2617 916 2667 notam
967 2616 997 2666 ct
1011 2611 1208 2669 innocontiam
1232 2614 1262 2670 in
1277 2615 1319 2670 eis
1337 2615 1526 2683 restituendo,
1542 2632 1559 2670 a
1580 2616 1775 2672 similitudine

113 2700 196 2770 societ
205 2704 353 2771 potentium
365 2709 449 2770 tivum,
463 2706 494 2757 nl
509 2702 577 2756 indo
590 2702 723 2758 homines
736 2704 863 2757 caveant.
878 2700 917 2754 Et
967 2699 1053 2767 illius,
1064 2701 1187 2774 quicum
1197 2703 1232 2758 do
1247 2704 1343 2775 aliquo
1359 2704 1422 2760 loco
1444 2703 1557 2759 sublimi
1576 2705 1733 2771 ceciderit,
1746 2708 1773 2760 et

113 2788 176 2846 hoeo
190 2789 346 2858 dominatio,
363 2789 392 2845 id
406 2794 449 2846 est
467 2790 599 2862 potentia
613 2796 661 2846 too
675 2790 813 2845 durabilis
833 2791 876 2844 est
889 2791 917 2843 in
968 2789 1094 2860 graviter
1107 2791 1192 2846 elisus
1202 2808 1292 2862 perso
1306 2792 1379 2864 erigi
1391 2793 1500 2864 nequit,
1513 2809 1530 2846 a
1541 2793 1679 2864 quolibet
1688 2795 1776 2865 erigo·

114 2881 189 2935 omni
204 2882 371 2949 generatione
385 2879 469 2951 hujus
482 2879 558 2946 vitae,
574 2887 599 2935 et
614 2896 703 2951 usquo
719 2882 747 2933 in
767 2880 916 2949 pencrotio·
968 2878 1208 2936 tur.Facitautcnr
1216 2881 1422 2953 apostropham
1432 2881 1470 2935 ad
1478 2883 1569 2936 llenm
1578 2883 1777 2938 exailectiooe

113 2983 184 3034 nem,
199 2969 265 3039 post
278 2968 353 3022 hanc
368 2967 457 3023 vitum
480 2968 618 3023 suturam.
640 2969 764 3039 ideoque
784 2966 866 3022 valde
881 2965 950 3046 tic
971 2965 1061 3021 nimia
1078 2968 1114 3022 ad
1126 2969 1285 3039 gratiarnm
1301 2969 1445 3024 actionem
1461 2969 1500 3024 sic
1516 2985 1523 3025 :
1539 2969 1620 3038 Dico,
1639 2972 1776 3038 Domine,

112 3055 223 3110 menda
235 3057 278 3110 est
292 3059 321 3110 et
331 3056 468 3111 cavenda.
485 3056 559 3111 Cum
581 3055 650 3111 dicit
668 3056 698 3110 in
718 3057 793 3110 ononi
804 3070 915 3125 ponero-
970 3054 1047 3124 quod
1062 3056 1237 3111 omnismodi
1251 3057 1337 3134 elisos
1358 3056 1454 3128 erigis.
1475 3058 1509 3112 ut
1527 3058 1601 3112 oculi
1619 3059 1778 3115 interiores

115 3142 421 3216 tione,datintelligere
433 3146 528 3216 plnres
545 3144 761 3217 generationes
771 3143 917 3214 etpcrboc
968 3144 1088 3198 omnium
1101 3148 1275 3212 erecturum,
1285 3145 1312 3200 id
1326 3149 1369 3202 est
1384 3147 1496 3201 mentes
1511 3146 1648 3202 omnium
1663 3151 1777 3204 erecto-

112 3230 210 3287 innuit
219 3234 309 3288 totam
325 3235 401 3290 banc
415 3234 502 3289 vitam
515 3234 544 3288 iu
557 3250 614 3306 qua
623 3233 770 3304 multiplex
779 3236 916 3304 estgene-
968 3247 1066 3298 rum,o
1079 3233 1204 3300 Domine,
1212 3234 1240 3287 in
1255 3240 1280 3288 te
1293 3233 1510 3289 misericordem
1525 3235 1556 3289 et
1571 3238 1723 3306 potentem
1733 3253 1778 3290 re-

112 3319 198 3374 ratio.
216 3320 288 3375 Cum
305 3322 374 3376 dicit
387 3324 415 3375 in
427 3325 610 3392 promotione,
626 3320 712 3375 aliam
726 3321 815 3375 vitam
824 3322 915 3387 notat,
968 3318 1121 3391 spicientcs
1140 3323 1169 3375 et
1195 3320 1390 3387 intendentes,
1408 3329 1515 3392 sperent
1536 3340 1554 3376 a
1584 3325 1612 3378 te
1637 3322 1689 3378 sibi
1709 3323 1796 3377 dari.

113 3404 143 3461 in
154 3408 341 3477 quanonerit
353 3409 579 3480 generationum
591 3408 854 3480 multiplicitas,sed
861 3425 919 3463 una
967 3423 1064 3462 escam
1079 3411 1107 3462 et
1120 3408 1319 3477 salvationem,
1332 3413 1360 3465 et
1372 3409 1543 3477 custodiam,
1560 3413 1590 3464 et
1601 3409 1643 3465 sic
1654 3410 1776 3465 demum

113 3493 234 3567 simplex
258 3497 420 3567 generatio.
442 3498 505 3554 Non
528 3498 622 3553 solum
645 3500 742 3553 autem
758 3501 823 3569 post
843 3498 918 3552 hauc
968 3494 1188 3564 allevationem,
1203 3504 1229 3552 et
1257 3504 1286 3552 tu
1312 3499 1360 3552 dos
1380 3497 1516 3564 esrom,id
1543 3500 1587 3553 est
1612 3497 1777 3569 spiritalem

111 3583 461 3656 vitampotentiallomini
470 3586 569 3658 puniet
581 3585 695 3657 iniquos
705 3586 918 3655 ininterno,sed
968 3600 1063 3639 escam
1079 3585 1216 3641 doctrinae
1228 3589 1257 3640 et
1271 3586 1442 3653 intellectus,
1458 3601 1545 3642 esrom
1569 3585 1636 3642 dico
1657 3588 1777 3653 ibrum,

113 3673 242 3745 quandiu
253 3674 342 3728 eliam
357 3677 419 3730 tota
436 3674 497 3730 haee
511 3674 570 3730 vita
585 3675 680 3741 durat,
694 3676 800 3730 multos
815 3692 917 3731 eornm
967 3672 1054 3728 idest
1069 3674 1124 3729 illis
1136 3662 1307 3747 congruam,
1329 3679 1359 3730 ut
1381 3677 1475 3748 parvis
1499 3676 1619 3747 quidem
1642 3678 1688 3732 lac
1715 3677 1779 3731 aliis

112 3761 207 3832 punit,
224 3761 264 3817 ibi
277 3763 339 3833 jam
354 3763 432 3834 juste
446 3764 564 3834 positos.
583 3763 651 3818 Dico
670 3764 748 3836 quod
764 3781 874 3833 neptium
893 3772 918 3820 et
967 3778 1035 3817 vero
1051 3763 1174 3820 solidum
1190 3763 1286 3820 cibum
1303 3765 1411 3820 tribuas
1425 3764 1523 3835 (Heln.
1541 3782 1568 3831 v,
1585 3767 1643 3835 lb).

111 3850 259 3906 dominatio
272 3851 388 3906 Domini
401 3854 512 3906 aeterna
522 3854 599 3906 suut.
609 3852 689 3916 Quod
701 3869 822 3923 regnum
835 3851 918 3910 bonis
1012 3833 1111 3921 577
1124 3853 1191 3919 Dos,
1209 3853 1340 3924 inquam,
1356 3853 1397 3908 eis
1411 3871 1496 3908 escum
1511 3853 1635 3919 dminus,
1646 3858 1675 3909 et
1685 3854 1741 3910 boc.
1749 3857 1777 3909 in

113 3938 257 4009 promisit,
272 3941 301 3993 et
314 3957 402 4012 quam
419 3939 649 3996 dominationem
663 3940 857 3996 comminatus
875 3946 918 3998 est
969 3946 1081 4010 tenpore
1090 3949 1247 4011 opportuno,
1261 3942 1344 3997 idest
1358 3940 1387 3996 in
1396 3943 1450 3997 boe
1463 3941 1531 4009 vita,
1540 3941 1588 3996 ubi
1601 3947 1650 3997 est
1662 3946 1777 4015 tempos

112 4025 208 4081 malis.
221 4027 255 4080 ut
273 4027 358 4096 fidelis
371 4031 415 4084 est
428 4028 571 4097 Dominus,
585 4029 615 4085 id
638 4032 681 4084 ost
705 4045 790 4084 verax
815 4033 857 4085 est
889 4032 917 4085 in
967 4031 1176 4100 opportunum.
1191 4032 1221 4085 ln
1238 4030 1296 4085 alia
1308 4031 1415 4104 quippe
1430 4030 1487 4086 vita
1509 4047 1570 4086 non
1588 4031 1646 4086 erit
1659 4035 1776 4104 tempus

113 4114 236 4169 omnibns
245 4117 330 4170 verbis
343 4118 407 4180 suis,
418 4120 477 4171 tam
488 4116 517 4172 in
533 4116 724 4188 promissione
738 4117 820 4189 regni
829 4136 915 4191 quam
966 4115 1115 4173 ductrinae.
1125 4118 1194 4176 Dico
1208 4120 1286 4191 qnod
1300 4120 1347 4173 dcis
1362 4119 1402 4174 eis
1413 4136 1509 4186 eseam,
1522 4123 1553 4174 ει
1565 4121 1624 4176 hoc
1640 4138 1700 4176 non
1712 4138 1780 4193 par·

113 4200 143 4258 iu
161 4203 393 4259 comminatione
407 4205 493 4275 justos
511 4204 749 4275 [dominationis],
771 4223 829 4261 non
845 4207 916 4262 sicut
926 4235 954 4296 D
966 4206 1066 4272 ce,sed
1082 4209 1167 4278 operis
1180 4214 1209 4261 tu
1223 4224 1335 4263 nronum
1349 4214 1433 4275 tuom,
1446 4208 1475 4263 id
1488 4210 1532 4263 est
1543 4212 1684 4280 apertam
1707 4211 1782 4266 lacis

113 4290 233 4364 quidam
248 4291 285 4347 de
300 4291 832 4348 misericordiallomininimistemere
845 4312 916 4365 prce-
965 4294 1785 4367 elamplamoperationemlargitatistnae,asimilitndine

112 4383 261 4435 sumentes
274 4381 459 4437 solummodo
474 4380 573 4436 dieunt
585 4397 652 4436 enm
662 4397 724 4436 esse
739 4398 868 4437 veracem
884 4382 914 4438 in
964 4381 1037 4455 largi
1050 4383 1263 4455 dispensatoris,
1271 4384 1319 4456 qui
1329 4401 1394 4440 cum
1403 4384 1511 4457 aliquid
1519 4384 1578 4453 dat,
1589 4391 1787 4445 nonconlra-

112 4467 304 4537 promissione
312 4468 407 4542 regni,
418 4472 447 4525 ει
461 4468 791 4525 nonincomminatione
802 4471 912 4526 mortis.
964 4470 1007 4526 hit
1019 4489 1151 4540 manum,
1159 4474 1209 4529 sed
1220 4475 1403 4546 utlargedet,
1412 4490 1532 4529 manum
1542 4475 1653 4546 aperit.
1664 4477 1786 4549 Aperte,

112 4551 196 4618 Quod
206 4556 286 4611 neias
298 4557 476 4614 estetiamad
492 4558 755 4631 cogitandumb’isi
766 4557 845 4614 enim
854 4577 915 4616 ma·
963 4558 1094 4631 inquam,
1118 4578 1239 4630 monum,
1260 4562 1341 4617 etsie
1364 4563 1453 4633 impios
1474 4561 1670 4629 benedictione,
1688 4565 1721 4621 id
1739 4571 1789 4623 est

110 4642 154 4700 los
162 4643 239 4716 juste
254 4644 284 4699 in
296 4648 440 4701 oeternum
455 4647 619 4716 damnaret,
634 4649 662 4702 in
687 4648 809 4704 oniniius
829 4651 913 4704 verbis
963 4663 1027 4703 esca
1040 4650 1192 4705 benedicta
1206 4667 1284 4705 omne
1296 4651 1408 4718 onimol,
1419 4650 1449 4706 id
1462 4653 1506 4705 est
1520 4666 1630 4706 omnes
1645 4653 1717 4708 illos
1734 4657 1789 4729 qut

110 4732 173 4804 ejus
182 4733 268 4803 fidelis
280 4750 339 4790 non
355 4736 438 4789 esset.
452 4735 507 4789 Per
520 4736 575 4791 hoc
590 4740 689 4792 autem
704 4736 783 4809 qnod
799 4753 865 4791 cum
882 4739 912 4793 in
961 4740 1028 4791 sunt
1043 4738 1190 4807 animalia,
1206 4740 1313 4796 scilicet
1326 4738 1470 4796 mansueti
1485 4738 1521 4794 ad
1530 4738 1644 4810 jugum
1657 4743 1791 4802 Domini

109 4822 230 4878 omnibus
242 4840 303 4880 esse
313 4838 446 4879 veracem
461 4823 571 4892 asserit,
586 4825 752 4881 consolatur
767 4829 796 4882 et
808 4826 912 4881 certill-
961 4824 1242 4894 deserendum,sicut
1257 4829 1353 4895 boves,
1366 4845 1438 4900 quos
1448 4829 1533 4897 vulgo
1546 4827 1700 4885 animalia
1714 4832 1793 4889 dici·

104 4910 156 4985 cat
172 4910 264 4967 bouos
279 4911 315 4967 de
330 4909 411 4982 regni
429 4910 631 4984 promissione,
654 4917 683 4968 et
706 4915 794 4969 terret
818 4915 910 4971 ntalos
960 4930 1038 4980 mus;
1053 4916 1097 4970 vel
1109 4914 1792 4990 quisuntanimalia,scilicetnondumspiritn-

109 4996 145 5053 de
160 4998 355 5055 damnationis
368 4998 605 5057 comminatione.
958 5003 1010 5070 les,
1026 5004 1075 5059 sed
1090 5004 1183 5060 adbuc
1197 5005 1349 5072 animales,
1362 5004 1392 5059 id
1407 5007 1450 5061 est
1465 5005 1610 5060 caritates.
1624 5007 1720 5072 Quod
1741 5016 1791 5069 est

144 5085 257 5155 Fidelis,
274 5087 404 5160 inquam,
421 5090 475 5156 est,
490 5097 515 5143 et
534 5089 621 5144 ctiam
636 5096 742 5144 sorvctus
756 5092 808 5158 est,
823 5090 851 5146 id
867 5096 910 5146 est
958 5090 1055 5146 dicere
1069 5110 1076 5147 ;
1092 5093 1149 5146 Dos
1165 5093 1205 5148 eis
1221 5094 1350 5164 plenarie
1362 5111 1448 5149 escam
1464 5093 1580 5148 iliorum.
1592 5094 1662 5149 Non
1676 5100 1788 5157 selum

103 5172 199 5245 justus
214 5179 241 5231 in
254 5177 374 5231 omnibus
389 5178 581 5249 operibussuis,
590 5178 697 5233 scilicet
709 5181 737 5233 et
745 5179 822 5251 juste
838 5196 906 5252 ope·
957 5184 1091 5249 autem,o
1104 5183 1382 5250 auditores,datsuis
1393 5181 1556 5248 escam,sed
1565 5183 1665 5240 etiam
1676 5187 1788 5246 Domi·

106 5263 672 5338 ratursalvationembonorum,etjnsie
685 5269 907 5338 operaturdam-
956 5287 1005 5324 nus
1027 5271 1150 5326 existens
1158 5271 1300 5342 justus-in
1326 5271 1448 5326 omnibus
1470 5271 1521 5325 niis
1543 5272 1613 5340 siris,
1636 5273 1668 5329 id
1684 5281 1736 5331 est
1754 5279 1785 5335 in

105 5352 255 5408 nationem
263 5353 415 5409 malornm.
423 5356 584 5412 ilocautcm
597 5357 671 5412 bene
683 5361 792 5430 spectat
803 5359 839 5413 ud
848 5360 905 5414 luu·
954 5359 1105 5430 preceptis
1113 5360 1168 5416 suis
1177 5377 1228 5430 per
1238 5376 1302 5431 qua
1312 5359 1469 5414 vonitnrad
1480 5358 1587 5430 ipsum,
1598 5362 1784 5440 scilicetqui

104 5440 173 5494 dein
190 5439 249 5505 uei,
264 5456 310 5506 no,
326 5457 392 5496 cnm
405 5443 534 5500 videatur
546 5445 732 5518 injustorum
747 5447 903 5503 salvatione
954 5448 1025 5504 nibil
1045 5449 1184 5521 principit,
1209 5449 1263 5503 nisi
1287 5449 1489 5521 quodjustum
1510 5452 1564 5514 est,
1587 5457 1615 5504 et
1642 5454 1784 5515 existens

103 5525 193 5594 mitis,
209 5528 238 5581 in
254 5529 398 5585 malorum
412 5532 599 5591 damnatione
613 5536 757 5596 videretur
768 5537 898 5595 immitis.
952 5545 1067 5608 suimus,
1083 5539 1170 5596 idest
1185 5537 1347 5594 misericors
1376 5540 1404 5592 in
1432 5537 1565 5607 omnibus,
1598 5538 1634 5596 id
1664 5550 1715 5599 est
1749 5548 1781 5604 in
