3772 5976
118 317 172 374 aar
610 309 834 370 surosmour
855 308 1022 370 rsauuos.
1037 341 1073 354 -
1087 310 1281 372 raouoeus.
1329 288 1339 303 ‘
1725 320 1777 383 cas

120 442 240 508 Verum,
257 442 288 495 ut
303 451 368 493 rere
383 454 457 494 novo
472 436 592 493 reduces
610 440 758 498 nascentia
772 443 853 511 vitas,
935 449 962 508 Α
1012 441 1189 514 Splendente
1204 442 1374 513 dispensans
1387 443 1464 500 faces
1480 462 1495 500 e
1509 448 1636 519 pectore,

157 513 278 594 Udpque
294 510 399 582 passim
427 527 490 634 pua
501 510 671 592 refrondent
684 515 800 583 cespite,
816 586 821 596 ῃ
977 512 1006 568 Si
1041 529 1161 595 ermana
1176 518 1288 585 patrem
1302 516 1407 586 proles,
1419 516 1440 570 si
1454 516 1507 572 rite
1533 520 1691 598 'sirenum'

119 585 299 639 1mbr1huset
313 582 420 637 rhoebo
449 582 550 637 ebeut:
560 597 678 653 propria
692 588 779 664 utque
788 587 925 641 clientum
1035 585 1246 650 henshouorat‚
1260 585 1338 640 haud
1353 589 1502 642 amantem
1531 588 1635 645 dieras.

157 655 222 710 Suis
237 653 368 727 patronis
384 653 461 706 dona
473 656 540 707 sunt
555 669 738 709 communia:
976 654 1016 721 Si,
1028 655 1114 710 veluti
1126 656 1222 710 vitreis
1238 672 1304 710 cum
1319 658 1410 728 surgit
1423 659 1606 739 Phosphorus
1616 663 1711 730 undis,

119 726 170 781 liic
186 741 301 807 quoque
337 723 438 778 artitus
453 740 504 778 sua
518 726 615 777 tecum
632 725 753 793 praemia
768 728 884 797 palma,
973 758 975 763 ,
1012 726 1119 807 lday'ore
1132 727 1194 780 luce
1205 727 1266 796 jam
1282 743 1413 782 coruscas
1425 729 1564 795 redd1tus‚

157 795 303 867 Quidquid
316 741 448 849 faborem
464 793 604 875 quidquid
618 795 775 851 etlaudum
791 798 865 864 tulit,
975 796 1100 851 Ulterius
1113 796 1212 866 coeptis
1227 800 1311 865 astes,
1328 798 1463 870 geniique
1478 800 1629 872 benignus,

120 867 263 938 Prodigus
276 866 322 920 ille
337 865 394 920 tuis
412 868 495 920 voret
509 882 581 928 ar1s;
598 883 726 937 quasque
737 867 839 923 futuris
1010 867 1054 922 Nil
1063 868 1121 938 ipse
1135 866 1296 937 deperdens
1305 872 1354 923 tuo
1371 870 1406 924 de
1424 888 1553 939 munere,

154 937 270 1008 Majoris
284 935 455 992 incrementi
470 935 498 990 in
514 937 597 991 annis
607 954 671 1008 spes
683 938 757 993 feret
976 939 1041 993 Esse
1054 939 1095 992 tui
1110 937 1198 992 facias
1212 943 1387 1007 consortem,
1402 945 1499 997 mente
1512 942 1619 998 diserta

117 1008 244 1066 hluneris
256 1024 316 1063 esse
334 1007 375 1061 tui
391 1005 478 1077 cupit,
496 1023 528 1062 ac
542 1008 854 1079 anathemarepostum
1010 1009 1146 1075 Onomas‚
1163 1008 1218 1063 tuis
1233 1010 1255 1063 si
1272 1026 1330 1064 non
1345 1027 1437 1081 pares,
1454 1016 1483 1066 at
1497 1015 1643 1083 proximas

154 1080 251 1135 Tholis
266 1079 400 1149 dicatque
411 1080 615 1149 consecratque
631 1078 759 1150 fulgidis.
975 1079 1131 1146 Germinei,
1147 1082 1175 1133 et
1187 1096 1265 1134 seros
1276 1081 1324 1150 pia
1338 1098 1420 1136 sensa
1435 1088 1577 1164 propaget
1591 1084 1620 1139 iu
1634 1102 1726 1141 anuos

118 1151 195 1224 Ergo
210 1153 261 1206 tuo
273 1150 391 1222 junctus
401 1149 563 1216 Theodoro,
578 1148 640 1203 dive
653 1166 705 1221 per
717 1153 794 1204 artus
1009 1151 1047 1205 Te
1061 1154 1141 1222 patre
1158 1149 1244 1218 dives,
1261 1155 1289 1205 et
1298 1155 1402 1222 potens
1416 1155 1445 1207 te
1460 1154 1593 1225 praeside.

737 1400 958 1458 APPROBthO
984 1401 1164 1458 CENSORIS.

156 1521 251 1595 Opera
260 1524 322 1578 haec
335 1521 363 1580 S.
374 1523 465 1580 Patris
482 1523 731 1590 Brunonis,tribus
745 1524 882 1580 dictincta
896 1524 991 1593 tomis,
1000 1543 1032 1580 ac
1046 1527 1176 1599 diligenti
1192 1528 1286 1584 studio
1296 1531 1326 1584 P.
1338 1530 1482 1587 Theodori
1498 1533 1610 1599 Petraei,
1623 1533 1778 1592 Carthasim

120 1595 301 1651 coloniensis
311 1595 432 1661 alumni,
447 1596 539 1649 revisa
556 1595 765 1667 recensitaque,
779 1595 868 1668 digna
877 1598 961 1669 plane
970 1597 1069 1667 judico
1082 1616 1146 1670 qum
1158 1599 1232 1671 typis
1246 1616 1346 1655 recusa
1361 1603 1391 1656 in
1405 1602 1500 1658 lucem
1522 1608 1608 1674 oant;
1625 1606 1778 1678 pristinam

120 1666 262 1721 nimirum
276 1666 414 1737 pietatem
428 1666 680 1747 eruditionemque
690 1667 840 1738 spirantia.

156 1738 188 1791 ln
202 1740 345 1792 conventu
360 1740 461 1792 nostro
477 1738 746 1793 Coloniens1.Anno
763 1741 808 1793 tol
818 1743 841 1805 l,
858 1743 890 1794 lo
904 1739 1034 1812 Augusti.

1273 1813 1303 1867 F.
1318 1813 1467 1870 Grsssrnus
1477 1815 1635 1884 Srncunus,

1010 1879 1163 1936 Conventus
1177 1882 1392 1939 Praedicotomm
1402 1888 1490 1957 prior,
1502 1894 1581 1958 etque
1595 1888 1724 1944 haereticae

1303 1959 1448 2026 pravitatis
1460 1960 1609 2029 inquisitor.

853 2048 1034 2106 VOLUNTAS

192 2179 234 2245 R.
252 2180 290 2246 P.
307 2170 482 2262 generalis
492 2171 624 2242 ordinis
637 2169 898 2242 Carthusiensis
914 2172 1186 2263 prorevidendis
1200 2173 1479 2266 recudendisque
1491 2180 1529 2245 Β.
1539 2178 1711 2248 anonis

855 2285 1040 2378 Operibus.

160 2438 254 2510 Digna
264 2436 318 2491 erit
332 2433 442 2507 ingenii
453 2432 495 2488 tui
509 2432 645 2505 cogitatio
654 2432 684 2488 in
700 2449 765 2488 eam
781 2449 880 2488 curam
889 2433 1067 2500 incumbere,
1079 2437 1111 2489 ut
1122 2450 1210 2559 opera
1223 2436 1256 2490 D.
1267 2433 1410 2489 Brunonis
1422 2434 1577 2489 correctius
1592 2434 1776 2508 limatiusque

120 2510 265 2584 prodeant
279 2507 316 2561 ad
330 2505 600 2576 lucemfamamque
613 2503 766 2559 homiuum
776 2523 783 2571 ;
793 2504 821 2558 in
830 2507 964 2576 quoputo
974 2520 1133 2576 paucorum
1152 2522 1202 2561 ore
1213 2505 1435 2575 mensiumopus
1448 2505 1548 2561 labore
1559 2506 1778 2577 etpotissimum

120 2582 183 2647 tibi,
196 2579 278 2634 valde
286 2578 349 2648 jam
364 2577 393 2630 in
409 2576 551 2631 veteribus
566 2575 626 2629 istis
638 2575 849 2646 interpolandis
861 2574 1089 2646 detrit0.Urgete
1104 2576 1192 2647 igitur
1206 2576 1340 2631 alacriter
1351 2576 1425 2630 hanc
1434 2576 1469 2630 de
1484 2577 1560 2632 bono
1576 2577 1690 2648 publico
1702 2577 1777 2633 bene

119 2649 254 2707 merendi
270 2648 462 2703 occasionem.
479 2647 540 2702 Nou
551 2646 629 2700 enim
645 2646 1096 2718 possumsatislaudarevestrum
1108 2647 1161 2701 hoc
1174 2651 1304 2701 sanctum
1322 2647 1424 2712 otium,
1441 2645 1470 2700 in
1486 2649 1579 2703 multo
1594 2651 1776 2720 occupatum,

120 2726 149 2778 et
162 2722 200 2776 ad
216 2735 405 2775 communem
420 2717 508 2773 totius
524 2717 653 2772 Ecclesiae
673 2717 839 2783 utilitatem,
855 2732 963 2787 magua
977 2733 1042 2772 cum
1056 2717 1165 2772 ordinis
1177 2718 1261 2773 laude
1277 2720 1486 2772 consecratum.

154 2794 193 2847 Ex
210 2791 311 2847 litteris
326 2789 400 2845 datis
415 2789 444 2844 in
460 2790 539 2843 alma
552 2791 644 2843 matre
661 2788 821 2843 carthusia.
839 2789 922 2842 Anno
940 2789 1019 2855 loos,
1036 2788 1081 2843 die
1097 2787 1210 2844 decimo
1225 2788 1310 2843 Junii.

1307 2859 1336 2912 F.
1353 2860 1447 2914 Bnuuo
1458 2859 1669 2926 Ornamentis,

1159 2928 1244 2985 Prior
1259 2928 1421 2998 Carrtusia,
1436 2947 1467 2985 ac
1478 2930 1609 3000 pensetis
1623 2931 1724 2986 ordinis

1487 3002 1616 3056 minister.

625 3208 759 3294 VITA
776 3208 976 3296 SANCTI
987 3207 1295 3296 BRUNONIS·

530 3345 732 3419 (Exstatsupra
745 3345 814 3397 rme
827 3339 900 3396 aaa
914 3338 946 3395 s.
962 3338 1102 3394 arcione
1115 3347 1141 3395 a
1154 3346 1192 3395 est
1208 3340 1271 3395 voa
1286 3338 1386 3411 eoa)

118 3763 233 3821 enim
254 3566 1516 3827 narnusnloffldgdiorddysfflcfflsidivn'gecion
1538 3764 1779 3826 nocriss1u1

173 3925 632 4094 OPERUll
678 3931 1045 4095 TOllUS
1090 3931 1296 4092 SEU
1340 3927 1629 4091 PARS
1671 3928 1731 4087 l.

437 4159 1014 4366 expostulem
1019 4156 1444 4365 rsauuos

372 4409 380 4496 Ι
404 4425 597 4481 PROLOGUS.
929 4432 954 4490 Β
969 4426 1031 4493 bus,
1049 4427 1233 4497 injustorum
1251 4424 1421 4492 salvatione,
1448 4424 1620 4481 humilitatis
1638 4424 1726 4498 ipsius
1750 4430 1780 4481 et

148 4511 317 4568 Psalterium
332 4514 527 4586 estquoddam
534 4514 676 4571 musicum
689 4515 918 4572 instrumentum
969 4513 1382 4585 misericordiae‚inimpiorum
1392 4528 1459 4568 vero
1469 4512 1779 4585 damnationejusiitiae

112 4601 190 4673 quod
205 4616 238 4655 ex
251 4601 390 4673 superiori
404 4603 524 4659 cavitate
535 4608 661 4660 resonat.
685 4607 718 4660 Et
733 4606 801 4678 quia
811 4607 917 4661 instru—
968 4604 1067 4659 laudes
1077 4620 1137 4658 esse
1152 4601 1383 4675 perpenduntur.
1397 4601 1524 4675 Ideoque
1535 4602 1779 4659 meritoliberiste

110 4700 211 4745 mento
232 4690 281 4744 tali
311 4692 490 4761 psalmorum
517 4693 609 4747 melos
625 4694 794 4763 canebatur,
811 4694 847 4749 ab
872 4694 918 4749 in·
969 4691 1045 4763 apud
1056 4692 1190 4746 Hebraeos
1202 4690 1286 4746 Liber
1301 4690 1479 4763 hymnorum
1495 4690 1610 4760 dicitur,
1625 4691 1654 4745 id
1670 4695 1713 4746 est
1727 4689 1779 4746 Dei

110 4778 274 4833 strumento
289 4796 340 4834 suo
355 4797 463 4837 nomeu
472 4783 549 4835 recte
557 4784 651 4836 totum
662 4798 735 4854 opus
747 4781 824 4837 istud
837 4799 917 4837 acce·
968 4776 1097 4835 laudum.
1113 4779 1217 4851 Hymni
1228 4795 1294 4833 vero
1309 4778 1466 4834 laudesllei
1484 4780 1604 4835 metrica
1619 4780 1776 4850 factaepro·

109 4865 162 4937 pit.
175 4864 253 4921 Sicut
266 4867 345 4923 enim
362 4869 529 4941 psalterium
544 4886 561 4924 a
575 4870 720 4941 superiori
735 4874 861 4938 resonat,
878 4871 919 4928 ita
968 4867 1030 4941 prie
1045 4869 1189 4934 dicuntur,
1205 4866 1308 4938 psalmi
1328 4869 1427 4922 autem
1441 4866 1529 4938 lyrico
1546 4871 1639 4923 metro
1657 4880 1775 4937 compo-

109 4956 139 5008 et
151 4970 223 5025 opus
236 4956 291 5011 hoc
303 4959 397 5012 totum
408 4958 443 5012 de
459 4959 608 5029 superiori,
622 4959 706 5014 idest
718 4958 810 5014 dellei
821 4960 916 5028 laude,
967 4955 1013 5010 siti
1028 4956 1146 5010 luerunt
1158 4972 1164 5023 ;
1180 4957 1210 5007 ut
1221 4955 1326 5010 hrator
1341 4953 1394 5010 ait:

107 5044 234 5097 resonat.
248 5045 374 5100 lubentio
390 5048 486 5100 autem
495 5046 588 5116 operis
601 5047 686 5117 hujus
701 5047 917 5118 multiplexesse
1083 5043 1247 5098 Psolterium
1264 5042 1342 5112 lyrici
1356 5058 1525 5112 composuere
1532 5041 1623 5112 pedes.

106 5142 160 5199 per
173 5129 326 5187 titulorum
336 5133 517 5203 singulorum
533 5133 731 5189 diversitatem
742 5136 916 5195 ostenditur.
1001 5133 1067 5186 Tria
1086 5148 1154 5186 vero
1173 5130 1202 5185 in
1218 5130 1320 5185 divinis
1343 5130 1415 5184 sicut
1435 5130 1465 5184 in
1484 5129 1666 5184 soecularibus
1695 5129 1775 5186 libris

106 5214 178 5272 Tum
197 5219 277 5273 enim
301 5219 335 5275 de
351 5221 566 5288 incarnatione,
579 5220 742 5290 Nativitate,
770 5222 915 5292 Passione,
967 5221 1197 5276 considerantur.
1210 5218 1283 5283 Quia
1295 5219 1368 5272 siout
1378 5219 1529 5273 seculares
1540 5219 1648 5291 partim
1660 5218 1775 5292 adphy-

107 5303 328 5364 Resurrectione
347 5311 375 5363 et
390 5309 501 5364 cacteris
523 5309 633 5364 actibus
658 5309 774 5378 Christi,
790 5314 853 5366 tum
881 5312 916 5367 de
967 5311 1068 5377 sicam,
1086 5311 1192 5382 partim
1207 5307 1388 5373 adethicam,
1400 5307 1507 5378 partim
1518 5324 1585 5363 vcro
1596 5308 1634 5363 ad
1648 5309 1774 5382 logicam

105 5392 264 5450 salvatione
279 5394 423 5451 bonorum
430 5395 677 5467 damnationeque
694 5397 915 5468 malorumpro·
965 5399 1101 5466 tendunt,
1119 5399 1200 5454 sicet
1218 5397 1306 5452 divini
1322 5397 1442 5468 quidam
1458 5397 1495 5451 ad
1511 5396 1672 5470 physicam,
1684 5399 1775 5454 itata·

105 5483 227 5556 phetare
241 5484 381 5555 intendit;
392 5486 422 5542 in
438 5487 541 5560 quibus
555 5487 690 5543 omuibus
705 5488 914 5544 Deilaudesat-
967 5505 1036 5544 men
1050 5487 1128 5561 quod
1141 5488 1170 5542 in
1183 5487 1245 5560 ipsa
1261 5485 1377 5557 physica
1398 5485 1554 5541 denotetur
1578 5488 1681 5558 ligura,
1698 5491 1730 5543 ut
1744 5488 1774 5544 in

104 5571 276 5632 tenduntur.
290 5575 322 5632 lu
337 5575 469 5650 passione
483 5575 573 5647 enim,
590 5580 620 5634 et
633 5576 745 5634 caeteris
762 5577 823 5649 eius
842 5577 913 5635 acti·
965 5577 1068 5635 Genesi
1082 5575 1227 5634 demuudi
1243 5574 1441 5649 origine,stin
1457 5575 1624 5633 Ecclesiaste
1634 5576 1670 5637 de
1677 5577 1776 5635 multis
