3772 5970
115 269 183 336 lona

416 268 447 330 S.
467 268 640 331 BRUNONIS
659 263 975 330 marabotinorum
992 261 1227 326 msruutoms
1247 257 1325 325 OPP.
1346 258 1436 322 PARS
1454 261 1467 323 1

1715 259 1790 328 ton

112 406 157 458 ml
172 398 260 457 odiar
272 402 303 454 al
316 395 496 470 complacitior
512 395 570 452 sill
581 395 639 450 Ant
657 393 697 450 ita
722 391 953 456 determinateA
972 407 1169 481 cognitionem
1192 405 1233 466 tui
1254 405 1363 464 venire,
1386 406 1421 463 Et
1441 408 1486 464 „aa
1501 412 1558 478 m,
1576 422 1595 465 0
1615 405 1709 480 neus,
1736 421 1791 482 pop

108 506 229 564 >possum
239 489 344 545 dicere.
357 485 607 543 oblivisceremur
619 484 745 548 misereri,
758 481 839 536 idest
850 496 916 535 cum

112 580 255 651 DeusJam
265 573 701 648 increparitmisererifrdefibns,
711 571 806 625 dando
822 568 862 623 eis
872 568 915 622 di·

111 669 267 727 lectionem
280 665 332 728 sui,
349 683 382 720 er
398 668 478 735 parte
489 663 655 716 obliviscetur
669 661 743 715 hanc
754 658 915 713 misericor·

114 758 272 819 diam,non
281 750 652 826 perficiendoeaminipsis,
666 748 744 820 quod
755 751 798 801 est
815 747 915 801 incon-

111 847 231 902 veniens
251 843 421 908 maximum,
438 839 543 895 scilicet
558 843 589 893 ut
604 840 677 892 ficus
692 835 800 907 aliquid
816 833 914 889 oblivi-

112 934 231 992 scatur?
245 932 370 1003 Singulis
383 945 451 984 vero
474 927 592 998 singulis
605 925 735 990 redditis,
753 923 836 995 ponit
853 940 916 977 sen-

111 1024 232 1079 tentiam
240 1022 276 1075 ad
290 1023 443 1089 utrumque
453 1015 648 1086 supradictum
658 1015 914 1085 spectantenr,oum

112 1112 210 1169 addit:
223 1110 283 1164 Aut
292 1108 331 1163 sic
348 1106 442 1161 dicere
454 1120 571 1175 possum
584 1119 591 1158 :
603 1101 747 1157 continebit
760 1103 788 1153 in
807 1103 848 1154 iro
863 1101 913 1153 nci-

111 1197 269 1257 acrc'corciios
296 1213 368 1262 snos,
392 1193 500 1249 seilicet
520 1190 694 1263 cognitionis
718 1189 760 1244 sni
788 1193 817 1244 el
844 1187 913 1242 dilo-

110 1288 213 1348 ctionis
221 1283 445 1359 perfectionem?
456 1281 587 1346 Quodest
597 1280 691 1335 dicere
705 1278 790 1334 :Cum
802 1280 916 1331 natura-

108 1378 175 1435 liter
191 1379 295 1448 presto
308 1373 344 1427 sit
353 1372 389 1426 ad
399 1370 595 1426 miserendum
609 1367 741 1422 fidelibus
756 1365 785 1420 in
797 1366 893 1420 futuro
907 1381 913 1418 :

110 1483 163 1539 ρετ
173 1454 917 1529 illuminationemsuiperfeetredilectionisetcogni·

110 1553 208 1620 tionis,
223 1549 405 1607 continebita
419 1546 611 1602 fidelibusbas
622 1543 831 1599 misericordias
840 1559 914 1609 suas,

111 1660 149 1698 ne
164 1643 203 1697 eis
215 1641 346 1696 conferat
360 1640 478 1709 propter
494 1635 568 1689 iram
592 1650 680 1705 quam
699 1636 800 1687 contra
825 1649 916 1703 genus

966 515 1054 572 quam
1070 498 1106 553 ad
1119 498 1160 552 tui
1173 496 1371 569 cognitionem
1383 499 1412 551 et
1423 496 1614 554 dilectionem
1622 497 1791 571 perfectius

965 588 1106 654 venimus,
1119 591 1146 642 in
1158 590 1423 642 sanctasanctorum
1434 587 1547 643 Christo
1558 587 1646 643 nobis
1655 590 1704 642 est
1718 603 1790 659 pro·

966 674 1102 747 posito,id
1113 679 1156 730 est
1166 675 1195 729 in
1207 674 1411 730 conformitate
1420 674 1492 744 ejus.
1512 672 1597 741 Quod
1609 677 1656 728 est
1665 673 1788 731 dicere:

966 763 1020 818 Per
1036 763 1097 833 ejus
1113 763 1352 818 conformitatem
1368 762 1406 815 ad
1418 764 1446 817 te
1457 762 1602 817 venimus.
1620 763 1704 834 Ergo
1717 762 1789 834 quia

965 851 1041 906 riam
1053 854 1134 906 tuam
1148 851 1177 905 in
1190 868 1223 907 oo
1236 850 1374 924 proponis
1394 850 1488 919 nohis,
1499 853 1558 923 quas
1575 849 1653 905 Deus
1667 867 1788 922 innonat

965 935 1008 986 est
1019 933 1086 984 sicat
1105 934 1135 986 tu
1152 930 1224 985 Dcas
1238 939 1325 985 noster
1338 931 1471 1000 existens,
1491 947 1508 986 a
1524 948 1708 1004 quocunque
1721 949 1783 988 nou

965 1021 1109 1093 reputeris
1124 1020 1221 1075 fleus‘l
1236 1019 1264 1074 id
1285 1022 1328 1075 εει
1339 1022 1398 1092 quat
1413 1020 1584 1092 agentibus
1598 1020 1677 1074 Deus
1693 1037 1782 1092 repu-

965 1112 1091 1164 tatusast
1101 1125 1225 1178 ciconus,
1246 1111 1314 1164 sicat
1330 1111 1361 1162 tu
1376 1125 1464 1180 quem
1479 1124 1532 1163 nos
1546 1110 1642 1164 Deum
1659 1114 1782 1182 repula-

966 1198 1050 1253 mus?
1066 1199 1172 1252 Nullus.
1188 1198 1260 1252 Nam
1276 1204 1305 1252 tu
1319 1215 1345 1252 cs
1360 1197 1433 1253 Deus
1443 1198 1569 1269 quisacia
1584 1198 1740 1266 mirabilia,
1756 1202 1785 1257 et

966 1287 1060 1341 nullus
1071 1286 1218 1341 aliusfacit
1233 1285 1393 1341 mirabilia:
1410 1287 1444 1340 Et
1459 1302 1525 1342 ecoe
1540 1287 1698 1355 mirabilia,
1711 1288 1785 1344 scili-

967 1378 1012 1430 cet
1024 1382 1115 1429 notem
1124 1377 1214 1445 fecisti
1227 1377 1257 1430 in
1269 1375 1378 1447 populis
1391 1377 1517 1430 virtutem
1529 1381 1615 1430 tuam.
1635 1374 1724 1440 Quod
1740 1378 1784 1432 est

967 1464 1081 1519 dicere:
1104 1464 1181 1518 lstud
1195 1463 1328 1518 mirabile
1341 1463 1396 1518 fuit
1410 1463 1488 1535 quod
1502 1466 1606 1518 notum
1617 1463 1716 1519 iecisti
1730 1481 1783 1537 per

967 1551 1181 1624 predicatores,
1196 1551 1225 1606 in
1240 1551 1354 1623 populis
1367 1551 1500 1623 gentium
1512 1556 1542 1607 et
1554 1553 1729 1608 iudaeorum
1742 1553 1784 1608 Fi·

966 1638 1036 1695 lium
1051 1644 1144 1706 tuum,
1156 1639 1205 1710 qui
1218 1640 1305 1693 virtus
1319 1642 1369 1693 tua
1378 1638 1496 1694 dicitur:
1509 1656 1543 1695 eo
1554 1639 1636 1712 quod
1647 1656 1702 1713 per
1712 1657 1781 1696 eum

110 1731 273 1788 humanum
288 1728 377 1784 habet
391 1726 426 1780 de
435 1726 552 1796 peccato
565 1721 710 1794 originali,
728 1720 806 1793 quod
819 1720 952 1818 incon-B
966 1728 1139 1783 mirabiliter
1157 1732 1186 1783 et
1198 1731 1333 1800 potenter
1345 1728 1483 1799 operaris.
1501 1728 1535 1783 Et
1548 1745 1615 1784 ecce
1636 1728 1718 1785 aliud
1725 1729 1781 1784 mi·

110 1820 363 1877 vertiensvidetur.

965 1816 1145 1887 rabileqnod
1156 1818 1184 1870 in
1199 1817 1304 1871 tractio
1320 1824 1377 1885 luo,
1392 1817 1423 1872 id
1439 1817 1522 1871 estin
1533 1817 1605 1872 Filio
1622 1819 1687 1886 tuo,
1701 1818 1780 1873 dicto

146 1906 357 1975 Quaestionibus
376 1904 420 1959 his
444 1902 536 1968 factis,
554 1900 591 1955 ad
617 1900 784 1955 solvendum
807 1899 917 1954 accedit
968 1906 1372 1977 t‚·acoi0‚00q110dp0reum
1395 1906 1544 1962 diabolum
1558 1923 1723 1978 expugnas,
1739 1924 1781 1962 re,

111 1999 151 2055 sic
164 2015 169 2053 :
182 1998 250 2053 ftioo
263 1994 340 2067 quod
351 1993 491 2047 medilatus
502 2007 561 2044 sam
578 2006 639 2043 cum
654 1989 732 2044 corde
745 2006 800 2042 mcc
826 2004 916 2060 ερρο·
967 1993 1073 2048 ricmisti
1086 1994 1219 2064 passione
1234 1994 1334 2063 erucis,
1343 1995 1476 2066 poputum
1500 2002 1575 2049 tuam
1595 1995 1708 2050 factum
1725 2012 1778 2068 per

111 2086 210 2144 nendo
220 2086 259 2141 sie
271 2082 419 2154 :Numquid
425 2081 549 2151 projiciet
558 2078 631 2132 Dcm
645 2079 673 2131 in
694 2085 823 2131 eternam
837 2092 889 2131 nos
903 2075 916 2130 l
967 2083 1069 2149 fidem,
1080 2084 1220 2154 populum
1237 2082 1300 2138 dico
1315 2084 1386 2152 filios
1401 2084 1547 2150 ellectum,
1559 2083 1589 2139 id
1604 2087 1650 2138 εει
1664 2085 1716 2156 qui
1729 2084 1782 2140 filii

100 2177 145 2233 Ἐῑ
158 2177 259 2231 0011er
269 2174 344 2227 hanc
357 2166 718 2242 OPPOSiiiOBOffldl‘fihffllss
731 2165 914 2220 mintionem·
967 2171 1008 2225 tui
1019 2188 1069 2242 ρετ
1079 2171 1332 2242 regenerationem
1340 2172 1432 2226 effecti
1445 2170 1682 2228 suntFitrosdico
1694 2172 1782 2229 lacco

111 2264 277 2332 Nuncccpi.
288 2259 370 2324 Quod
385 2262 428 2312 est
443 2257 538 2311 dicere
550 2255 638 2310 :Vere
652 2270 711 2309 non
724 2254 851 2324 projiciet
865 2269 917 2307 nos
966 2265 992 2313 er
1003 2259 1110 2330 Josept,
1129 2258 1157 2313 id
1172 2263 1216 2314 est
1228 2259 1378 2314 iudaicam
1396 2261 1536 2331 populum
1567 2263 1596 2315 et
1622 2261 1783 2332 gentilem.

112 2356 291 2410 inaeternum:
304 2353 333 2404 ει
346 2347 401 2402 erit
414 2346 499 2400 adbuc
509 2343 700 2414 complacitior.
719 2343 751 2396 Et
775 2342 842 2396 inde
861 2342 917 2396 hoc
967 2347 1100 2417 Congrue
1116 2346 1256 2403 nimirum
1265 2365 1316 2420 ρετ
1327 2349 1414 2404 iacob
1426 2348 1564 2421 accipitur
1577 2350 1782 2422 iudaicus,per

112 2445 172 2497 scio
189 2460 198 2494 .·
214 2439 281 2511 quia
304 2453 375 2491 necne
395 2437 459 2505 cepi
475 2448 669 2504 cognosccre;
690 2448 721 2485 ac
742 2431 763 2485 si
781 2431 889 2485 diceret
907 2445 914 2483 :
965 2434 1071 2506 ioseph
1088 2451 1153 2489 vero
1180 2435 1297 2506 gentilis
1311 2437 1441 2506 populus.
1458 2437 1546 2491 Jacob
1566 2452 1697 2508 namque
1713 2452 1781 2491 cnm

114 2525 365 2600 Parscognitionis
376 2519 678 2590 etdilcctionisejusin
687 2517 871 2590 principioah
882 2535 916 2572 eo
968 2523 1071 2593 angelo
1087 2522 1234 2590 luctando,
1249 2524 1285 2578 ab
1297 2539 1331 2577 eo
1347 2539 1561 2594 percussusuno
1574 2525 1781 2596 pedeefandus

113 2617 187 2675 mihi
203 2617 270 2671 data
284 2614 370 2669 arrha
386 2615 414 2665 ει
429 2610 533 2681 pignus
546 2611 599 2673 est,
612 2606 690 2678 quod
705 2606 859 2679 perfectius
870 2623 916 2661 co·
968 2609 1085 2665 effectus
1097 2615 1153 2665 est:
1171 2616 1200 2666 et
1212 2611 1446 2666 benedictionem
1457 2612 1581 2683 suscepit
1595 2610 1676 2684 (Gen.
1692 2628 1779 2680 xxxn,

112 2721 250 2780 gnoscam
264 2719 331 2758 enrn
347 2703 376 2756 et
389 2699 519 2770 diligam.
535 2697 568 2750 Et
583 2695 650 2750 inde
666 2695 753 2750 etiam
768 2694 918 2766 scio;quia
968 2699 1016 2764 24,
1041 2702 1087 2764 25,
1104 2703 1157 2769 29),
1177 2700 1222 2754 sjc
1237 2699 1404 2754 Judaeorum
1423 2700 1545 2772 populus
1564 2716 1633 2754 cum
1650 2700 1778 2757 Domino

114 2793 450 2868 perfectiuscognoscam
460 2784 773 2856 etdiligam,quoniam
788 2785 843 2837 liae
858 2800 916 2836 mu-
968 2786 1079 2842 luctans
1100 2805 1106 2855 ;
1129 2787 1198 2842 dum
1215 2787 1302 2859 ipsius
1317 2791 1462 2859 praccepta
1476 2787 1505 2842 in
1519 2787 1636 2843 irritum
1653 2787 1747 2857 duxit,
1762 2805 1779 2845 a

113 2886 178 2938 tatio
193 2880 356 2936 estdcctcrae
366 2875 481 2941 Excelsi,
496 2874 525 2928 id
542 2876 584 2928 εει
598 2874 653 2927 hoo
676 2872 754 2943 quod
770 2876 917 2927 mutamur
968 2875 1093 2929 Domino
1110 2875 1238 2929 caecitate
1255 2891 1415 2946 percussus,
1430 2892 1487 2930 uno
1503 2877 1577 2948 pede
1591 2876 1777 2945 claudicarit,

113 2973 148 3029 dc
164 2968 330 3041 ignorantia
339 2965 389 3020 Dei
402 2964 439 3019 ad
454 2964 515 3034 ejus
529 2961 737 3033 cognitionem,
754 2964 783 3015 ει
799 2962 834 3016 dc
850 2961 916 3016 odio
969 2963 1078 3018 scilicet
1093 2963 1241 3018 intellectu
1256 2964 1415 3018 carnalium
1432 2964 1701 3021 observantiarum:
1720 2983 1777 3038 quo

114 3063 150 3117 ad
162 3058 346 3114 dilectionem
364 3051 506 3123 contingit
520 3067 572 3121 per
587 3050 735 3104 dexteram
750 3050 867 3116 Excelsi,
887 3050 916 3104 id
932 3042 1058 3105 Csolam
1075 3052 1200 3106 litteram
1224 3051 1383 3106 intellexit:
1398 3068 1457 3107 non
1473 3052 1560 3107 etiam
1575 3053 1613 3108 ad
1629 3052 1776 3125 spiritum,

113 3152 156 3204 est
171 3145 333 3221 perFilium
351 3141 457 3196 Excelsi
473 3139 563 3194 Patris
577 3141 605 3192 ει
619 3139 827 3209 omnipotentis
844 3156 851 3193 ε
869 3139 917 3210 qui
968 3139 1024 3193 alio
1038 3142 1139 3194 tamen
1162 3141 1308 3196 intellectu
1324 3143 1419 3195 rectus
1434 3158 1600 3208 remanens,
1625 3142 1778 3198 intellectu

113 3238 187 3293 bene
203 3236 320 3289 dextera
335 3232 397 3301 ejus
409 3229 522 3283 dicitur.
535 3229 589 3280 Per
600 3243 666 3280 eum
679 3226 758 3280 enim
771 3227 916 3280 diabolum
967 3227 1099 3283 videlicet
1121 3229 1276 3284 moralium
1302 3233 1525 3303 praeceptorum,
1549 3230 1578 3284 in
1594 3244 1653 3302 quo
1668 3218 1777 3286 'littera

113 3320 276 3377 debellavit.
291 3317 373 3382 Quod
389 3319 431 3369 εει
456 3314 551 3368 dicere
565 3331 573 3366 c
589 3314 658 3368 Cum
685 3312 813 3368 Christus
827 3314 919 3369 Patris
970 3318 1083 3372 tantum
1099 3317 1257 3373 insistenda
1269 3322 1340 3373 erat.
1356 3321 1387 3373 fn
1405 3321 1486 3390 parte
1499 3335 1615 3391 quoque
1625 3319 1777 3375 salvando-

114 3409 220 3466 Excelsi
239 3407 334 3472 Filius,
358 3404 407 3476 qui
425 3405 521 3457 tantus
534 3403 577 3456 est
589 3403 617 3455 ει
629 3405 690 3455 tam
710 3405 822 3471 polens,
844 3403 919 3457 hanc
968 3421 1033 3460 rum
1054 3406 1286 3462 benedictionem
1305 3406 1447 3480 adoptivae
1471 3407 1620 3462 filiationis
1639 3409 1775 3482 suscepit.

113 3497 306 3554 mutationem
316 3490 464 3562 inceperit
472 3491 501 3543 in
514 3488 606 3556 nobis,
619 3490 850 3561 haudquaquam
866 3491 919 3546 du·
967 3494 1066 3565 doscpt
1080 3495 1197 3566 quidem
1208 3497 1390 3565 arcgmcmotio
1401 3496 1514 3551 dicitur.
1526 3496 1608 3552 Unde
1618 3513 1672 3568 per
1680 3497 1778 3569 ‹lo-sept

114 3588 193 3643 bium
208 3589 250 3640 εει
258 3584 327 3656 quin
344 3597 408 3636 eam
423 3578 551 3651 perficiat
569 3578 598 3632 in
623 3579 731 3646 futuro,
749 3583 778 3633 ut
793 3580 918 3651 perfecte
969 3582 1086 3654 gentilis
1101 3584 1224 3655 populus
1235 3584 1423 3654 accipitur,ad
1437 3587 1631 3654 augmentum
1643 3585 1776 3640 Ecclesiae

114 3693 179 3731 eum
187 3673 341 3745 diligamus
349 3672 378 3723 ει
386 3665 739 3739 cognoscamus.Ostendil
748 3666 918 3738 igiturunde
968 3671 1120 3742 primitivae
1134 3672 1282 3727 deluderis
1298 3672 1460 3743 adjunctus,
1468 3673 1501 3726 Et
1514 3689 1579 3727 ecee
1595 3673 1678 3728 aliud
1688 3675 1776 3729 mira·

113 3758 581 3836 comprobariqueatcnmPatrenr
591 3755 919 3810 esseExcelsumadden·
968 3760 1035 3826 bite,
1047 3760 1124 3833 qnod
1137 3777 1190 3832 per
1205 3760 1339 3815 notitiam
1353 3760 1403 3815 olii
1419 3761 1544 3815 uiderunt
1554 3768 1577 3814 te
1592 3761 1662 3828 nde,
1675 3779 1692 3818 ο
1705 3762 1776 3817 Deus

114 3855 150 3911 do
168 3853 206 3907 sic
226 3869 232 3906 :
253 3850 320 3905 Dico
336 3848 446 3903 dcatera
458 3843 573 3898 Eccebi.
590 3845 623 3897 Et
637 3848 668 3898 ut
682 3860 749 3898 eum
770 3844 917 3898 Excelsum
968 3850 1063 3916 Pater,
1086 3866 1173 3921 oque,
1204 3866 1268 3921 quaa
1284 3849 1363 3920 prius
1386 3851 1553 3920 ignorantes
1568 3854 1653 3904 erant
1668 3849 1775 3905 scilieet

94 3925 494 4014 '295⁰i0mnilfflissniem
511 3949 571 3987 ⁰⁸⁵0
582 3934 918 4004 0⁰mP1'0b111‘0mffl87110r
967 3940 1078 4010 gentes.
1090 3938 1127 3992 ad
1142 3938 1362 3992 similitudinem
1374 3953 1516 4009 aquarum
1530 3937 1732 3994 inconstantes
1747 3942 1776 3994 ει

111 4034 158 4104 foi
166 4044 278 4101 operum
286 4024 402 4080 Domini
413 4021 515 4087 Patris,
527 4021 556 4075 id
567 4020 646 4075 estin
662 4021 806 4092 frequenti
821 4038 916 4076 recor·
968 4026 1085 4082 diffluo.
1100 4027 1136 4081 Ut
1152 4025 1239 4097 igitur
1252 4026 1351 4092 addat,
1364 4026 1469 4097 repetit
1483 4027 1540 4082 sic:

112 4113 427 4182 dationchabui,quam
436 4108 917 4180 glorioseetmirabiliteroperatus
1006 4115 1145 4181 Viderunt,
1162 4114 1293 4187 inquam,
1310 4122 1435 4187 leoque,
1454 4122 1479 4169 et
1494 4116 1662 4181 tr'rmccrrml3
1678 4122 1704 4169 ec
1720 4123 1774 4169 cur.

113 4200 296 4261 wimundi
312 4197 465 4273 principib
483 4199 514 4250 ei
538 4211 590 4266 Pel
614 4195 668 4250 ¹1⁰⁰
681 4212 747 4250 eum
770 4198 916 4253 Excelsum
966 4203 1033 4258 lotae
1046 4210 1108 4257 scint
1120 4202 1216 4272 otgeri.
1234 4203 1519 4274 Praeposteratio.bc
1535 4202 1665 4258 sidicat:
1684 4206 1714 4258 et
1732 4205 1773 4274 ip·

112 4310 172 4351 esse
187 4290 258 4348 mihi
274 4287 417 4361 apparuit.
434 4285 476 4339 Ab
500 4284 556 4338 irae
579 4283 675 4354 itaque
693 4285 835 4339 memoria
857 4303 915 4340 non
928 4290 954 4350 1)
965 4310 1003 4347 5ae
1023 4307 1104 4362 aqum
1120 4307 1184 4363 quae
1199 4290 1277 4362 prius
1302 4291 1330 4345 in
1354 4290 1524 4345 infidelitate
1541 4293 1635 4356 erant,
1653 4290 1692 4345 ag
1710 4307 1773 4347 mo.

113 4383 259 4448 desistam,
284 4378 334 4433 sed
363 4376 540 4430 incessanter
566 4389 665 4427 cncmor
691 4391 734 4428 ero
753 4375 917 4430 mirabilium
966 4381 1036 4436 dum
1052 4380 1220 4450 abyssorum
1234 4380 1396 4450 profunde,
1409 4378 1607 4433 turbatmsunt
1622 4378 1772 4434 limatur.

113 4486 233 4544 operum
245 4475 349 4521 tuorum
362 4462 916 4520 otinitiomundifactorumflaecautem
967 4469 1093 4534 batione,
1110 4471 1139 4522 et
1157 4468 1317 4523 timuerunt
1332 4468 1367 4522 de
1384 4467 1468 4522 malis
1494 4466 1563 4522 acci,
1577 4466 1646 4521 suis,
1662 4468 1698 4522 Eg
1712 4484 1772 4522 001,

112 4561 169 4617 duo
180 4555 336 4614 commoda
348 4552 419 4607 mihi
433 4552 500 4606 inde
515 4550 688 4622 provenient
707 4569 713 4606 :
730 4555 871 4623 quatenus
892 4561 917 4608 ct
966 4574 1064 4630 paucae
1077 4573 1174 4628 aquae:
1189 4555 1240 4610 sed
1254 4555 1395 4609 multitudo
1408 4558 1510 4610 sonitus
1522 4572 1668 4626 aquaram,
1683 4555 1713 4610 id
1729 4559 1774 4610 est

111 4647 260 4707 meditabor
274 4646 303 4698 in
313 4642 434 4696 omnibns
447 4641 567 4711 oporibus
591 4642 654 4702 teir,
675 4640 878 4713 adimplendis,
892 4650 916 4697 ct
966 4646 1064 4700 multae
1077 4661 1159 4716 aqua
1169 4648 1314 4711 sonantes,
1329 4644 1359 4698 id
1372 4646 1415 4698 est
1425 4660 1492 4699 cum
1503 4643 1592 4699 nimio
1604 4644 1773 4699 sonituver-

111 4736 248 4796 exercetor
263 4730 411 4805 operando
432 4732 459 4782 in
476 4729 704 4784 aclinocmionibus
719 4730 816 4796 cilicio
827 4736 871 4786 εει
885 4732 914 4786 in
965 4735 1080 4800 borum,
1096 4733 1145 4787 fici
1161 4732 1311 4804 preceptis
1324 4732 1508 4800 rebellantes,
1516 4731 1582 4787 Dico
1594 4732 1774 4804 quodnotcnn

111 4822 263 4901 praeceptis
271 4819 327 4875 tuis
337 4834 400 4890 quac
409 4821 440 4871 tu
451 4816 633 4871 adinvenisti.
645 4815 727 4881 Quod
743 4822 785 4872 εει
801 4819 914 4873 dicere:
964 4821 1187 4891 sccc'otior'rtalem
1201 4827 1285 4886 taam,
1300 4824 1329 4874 et
1343 4819 1466 4876 isiciorum
1479 4827 1502 4874 te
1522 4836 1608 4891 aque.
1625 4820 1662 4874 Et
1676 4819 1706 4876 id
1720 4839 1775 4893 per

110 4918 167 4971 ilas
179 4905 544 4977 duasutililatesadipiscar
553 4905 916 4962 deconsidaratiouemira-
964 4911 1019 4965 hoc
1034 4908 1166 4979 contigit,
1180 4908 1248 4978 quia
1262 4908 1352 4974 nabes,
1367 4907 1396 4961 id
1409 4907 1664 4980 estproedioatores
1677 4909 1776 4964 Eccle-

110 5003 212 5058 bilium
227 5003 355 5062 tuorum,
372 4995 450 5066 quod
465 4993 611 5048 creditator
624 4995 770 5065 quomodo
784 4999 832 5050 tua
842 5013 916 5067 praa-
965 4997 1014 5051 sim
1030 4998 1204 5067 complures,
1235 4996 1361 5050 decimant
1374 4979 1464 5050 ccccm
1479 4994 1706 5065 predicationis,
1722 5014 1776 5070 per

110 5093 194 5161 cepta
207 5101 296 5158 opere
311 5083 485 5153 compleam,
499 5087 528 5136 et
544 5084 629 5153 prout
643 5085 744 5151 potero
762 5085 914 5154 operabor.
965 5102 1053 5157 quam
1063 5101 1144 5156 aquae
1153 5084 1190 5139 ad
1199 5085 1249 5139 ilci
1260 5084 1348 5139 fidem
1360 5088 1389 5138 et
1397 5083 1530 5139 notitiam
1541 5100 1687 5140 conversae
1695 5089 1775 5141 sunt.

145 5179 231 5234 Facta
247 5169 477 5241 interpositione,
488 5169 692 5224 utoslcnderel
701 5171 827 5242 perquid
839 5188 916 5229 corn·
966 5175 1063 5228 Posset
1075 5172 1164 5243 quaeri
1179 5189 1184 5225 :
1203 5171 1295 5236 Quare
1307 5176 1425 5243 propter
1438 5171 1776 5244 praedicatorumvooem

108 5261 274 5341 probaverit
287 5262 379 5314 Deum
392 5258 538 5312 Excetsum
548 5275 621 5324 esse,
637 5259 833 5329 aequipollenti
847 5277 914 5316 voce
965 5280 1041 5333 oqrcce
1058 5261 1171 5314 turbate
1194 5264 1258 5326 sirit,
1276 5278 1340 5316 cum
1355 5261 1408 5332 ipsi
1423 5261 1606 5315 solummodo
1620 5261 1778 5318 deluderis

107 5351 215 5426 repetit
231 5348 308 5419 quod
323 5362 410 5418 supra
431 5347 526 5416 posuit
547 5365 554 5400 ι
578 5345 646 5400 Haec
673 5348 782 5399 circitelio
801 5347 914 5403 dexterae
963 5349 1091 5405 fuerint?
1103 5348 1145 5402 nd
1162 5350 1238 5419 qnod
1255 5350 1294 5403 sic
1306 5349 1462 5420 respondet
1476 5366 1481 5402 :
1497 5349 1568 5402 Vere
1582 5352 1706 5421 propter
1722 5368 1774 5406 vo-

78 5475 83 5482 ·
107 5438 226 5501 aaroni,
240 5439 272 5488 ut
287 5451 321 5489 ea
336 5433 485 5489 occasione
503 5434 531 5489 in
546 5432 663 5488 laudem
679 5434 729 5488 ilci
743 5441 914 5507 prorumpat
963 5456 1026 5495 cem
1041 5436 1346 5509 praedicatorumoquae
1359 5437 1522 5491 turbantur.
1536 5436 1647 5490 Etenim
1663 5443 1775 5509 sagitte

106 5530 147 5590 ⁵i⁰
163 5543 171 5583 ²
187 5524 253 5577 Dim
265 5522 340 5596 qu⁰d
358 5523 541 5597 concrepate
555 5521 627 5613 Deos
640 5522 676 5578 od
688 5521 871 5583 dilectionem
884 5530 913 5584 et
955 5536 1006 5586 lue
1020 5531 1169 5596 transcunt,
1178 5525 1206 5581 id
1220 5529 1262 5586 est
1276 5525 1363 5586 iidem
1375 5524 1580 5603 predicatores
1591 5528 1701 5597 togittae
1716 5533 1774 5587 tue
