3772 5970
105 287 141 344 43
534 279 564 349 s,
584 280 755 339 ssuuosus
776 279 1093 340 caereusnuonuu
1108 265 1342 343 rusrnuroms'
1735 295 1771 351 aa

103 428 168 469 rem
183 408 315 466 habuisse
332 409 508 475 Brunencm,
534 408 584 465 sed
599 410 714 465 tantum
739 410 912 466 Brunonem
926 410 1071 472 ARemos
1085 409 1187 480 adiret,
1211 410 1240 467 S.
1257 410 1405 469 Cunibcrti
1419 414 1590 481 canonicum
1613 431 1672 474 non
1686 418 1772 476 exsti·

104 512 133 563 ot
149 508 219 563 alios
230 507 346 572 multos,
366 504 611 573 siveaFulberto,
629 504 910 577 siveaberengario
964 496 1041 566 tisse,
1070 497 1197 553 sedtum
1219 499 1349 568 demum,
1379 517 1445 557 cum
1469 520 1547 560 anno
1563 507 1630 561 1076
1656 509 1707 561 aut
1731 524 1774 564 se·

107 623 120 651 a
137 595 475 668 Herodesphilosephiae»
484 594 913 668 relictossuisse;aquocumque
964 588 1064 663 quenti
1080 587 1177 643 Remis
1191 590 1329 646 excedere
1341 589 1441 646 luisset
1452 595 1626 666 compulsus.

105 689 224 744 demum
233 688 411 757 praeceptore
420 683 523 737 eruditi
534 683 699 751 lucrintilli,
712 684 742 738 id
750 683 912 752 est,Bruno,
1000 680 1044 734 66.
1054 679 1171 735 Nullum
1179 678 1277 753 itaque
1287 697 1320 736 ex
1329 681 1518 755 argumentis,
1528 669 1631 756 quibus
1646 684 1773 743 llahillo·

106 777 211 849 aliique
218 772 406 846 philosophia
412 772 545 826 heredes.
557 793 571 820 a
583 772 626 827 Ah
638 771 774 843 opinione
782 789 914 844 sanequa
963 767 1038 837 nius,
1047 767 1135 824 modo
1145 770 1189 824 vel
1199 787 1257 826 uno
1266 771 1310 825 rel
1320 771 1433 825 alterna
1443 787 1473 827 sc
1483 771 1626 845 assignato
1638 773 1773 833 chronici

106 867 228 922 Sanctus
253 862 330 934 apud
341 862 471 916 Turonas
491 860 544 914 sub
559 860 734 932 berengario
760 860 911 930 studuisse,
962 858 1162 925 Malleacensis,
1174 875 1237 931 quae
1251 858 1360 932 prolixe
1369 877 1446 915 nunc
1455 860 1547 917 discus
1556 880 1587 918 sa
1596 866 1673 933 sunt,
1683 864 1773 922 verba

105 949 466 1021 statuitur,eruditiomnes
476 947 723 1018 lacilediscedent,
740 948 761 1004 si
777 948 912 1015 alterhic,
963 945 1132 1018 explicanda
1148 963 1218 1014 esse,
1231 947 1384 1020 probatum
1397 950 1465 1018 vult,
1487 956 1637 1008 remcorto
1654 952 1771 1024 evincit,

105 1060 161 1117 que
172 1039 351 1097 ldabillonius
366 1036 603 1106 utitur,Chronici
615 1037 807 1093 Malleacensis
827 1037 914 1092 inter·
964 1050 996 1090 ac
1007 1035 1091 1107 proin
1100 1035 1195 1091 sensui
1208 1037 1331 1092 naturali
1340 1037 1489 1111 magisque
1499 1039 1593 1109 obvie,
1604 1058 1692 1114 quem
1709 1043 1772 1099 haeo

105 1129 239 1204 pretendi
252 1128 355 1184 modus
366 1128 463 1183 lecum
488 1125 594 1181 debeat
603 1126 721 1182 habere.
739 1126 845 1181 Verum
856 1143 911 1193 res,
964 1123 1099 1193 offerunt,
1111 1125 1271 1195 adhaerens,
1284 1126 1462 1200 itaeapergo
1474 1129 1653 1201 acciperent
1663 1131 1771 1188 Boron·
1797 1164 1807 1173 ·

105 1218 215 1275 utmihi
227 1216 363 1289 equidem
371 1213 719 1288 apparet,verosimillime
726 1231 806 1269 secus
815 1214 912 1281 habet;
964 1213 1077 1287 garium
1096 1213 1124 1269 S.
1139 1213 1266 1270 Brunoni
1279 1215 1466 1289 philosophiae
1484 1217 1589 1289 placita
1608 1219 1770 1290 tradidisse,

105 1308 182 1381 quod
198 1310 230 1362 ut
243 1306 399 1377 probatum
416 1303 493 1372 dem,
523 1303 585 1373 ipsa
608 1303 697 1358 recito
722 1302 915 1358 Malleacensis
965 1302 1142 1375 significent:
1157 1302 1235 1375 quod
1245 1302 1406 1375 proludere
1417 1303 1478 1379 ipsa
1489 1305 1707 1377 etiamfectum,
1719 1325 1772 1382 pro

109 1395 243 1453 Chronici
267 1394 365 1461 verba,
379 1408 439 1447 non
455 1408 490 1446 ca
504 1394 632 1459 tantum,
658 1408 723 1465 quae
736 1391 915 1447 habillonius
966 1391 1182 1447 verosimillimo
1207 1391 1312 1458 habeo,
1327 1391 1457 1449 Chronici
1479 1394 1682 1465 llalleacensis,
1693 1397 1773 1471 qued

105 1491 170 1545 loce
186 1502 273 1558 supra
297 1484 344 1539 cit.
357 1482 547 1554 transcripsit,
559 1499 660 1539 verum
676 1484 775 1551 etiam,
793 1501 857 1555 ques
870 1483 914 1539 hi·
966 1479 1227 1536 auctoremSancto
1243 1485 1341 1536 nostro
1353 1481 1415 1536 fere
1432 1483 1574 1555 aequalem
1589 1485 1686 1554 habet,
1704 1502 1771 1541 auc-

108 1596 154 1636 sca
167 1575 395 1650 praemittuntur,
417 1571 527 1644 aliquot
542 1572 609 1641 alia,
631 1575 741 1628 textum
767 1573 915 1645 aliquanto
966 1568 1456 1642 toritatcimpulsus.Additquidem
1465 1571 1625 1643 (videnum.
1635 1573 1772 1643 bustiam

108 1665 295 1741 prolixiorem
317 1660 583 1743 constituentia,qui
607 1660 646 1716 sic
656 1660 759 1716 habet:
771 1661 917 1716 Girbcrtus
965 1657 1153 1726 ldabillonius,
1164 1658 1237 1713 tanti
1248 1659 1324 1713 hanc
1336 1675 1395 1714 non
1406 1675 1477 1727 esse,
1487 1663 1519 1715 ut
1531 1660 1692 1719 Chronicon
1701 1663 1773 1720 illud

109 1771 176 1810 vero
201 1752 319 1808 natione
333 1748 504 1821 Aquitanas,
533 1749 693 1804 monachus
707 1747 918 1804 aureliacensis
966 1747 1010 1816 iis,
1028 1762 1092 1821 quae
1109 1746 1239 1815 adstruit,
1254 1746 1342 1803 sidem
1353 1746 1546 1805 indubitatam
1566 1750 1661 1807 lacere
1671 1752 1772 1824 possit,

110 1841 200 1900 sancti
210 1837 323 1896 Geraldi
343 1836 514 1906 ecclesiae,...
532 1837 568 1891 ab
581 1837 758 1909 imperatore
769 1853 845 1910 papa
862 1838 917 1893 Ro·
967 1853 1057 1909 reque
1072 1836 1134 1909 ipsa
1149 1836 1378 1908 nonnullaque
1394 1838 1545 1894 memoriae
1557 1840 1653 1912 prodit
1672 1841 1775 1898 averi-

110 1946 266 1988 manorum
281 1928 444 1983 sublevatus
456 1927 500 1981 est
514 1928 634 1998 propter
648 1925 837 1998 philosophie
852 1942 918 1999 gra·
968 1928 1028 1982 tate
1042 1924 1146 1992 aliena,
1162 1924 1342 1996 deprehensa
1350 1929 1426 1994 sunt,
1445 1929 1538 1983 tuma
1554 1928 1678 1998 labbeo,
1691 1947 1774 2005 aque

111 2022 200 2077 tiam:
215 2020 359 2074 mutatum
374 2018 417 2070 est
427 2030 536 2070 nomen
553 2015 614 2086 ejus
628 2014 785 2087 pristinum
801 2017 919 2071 ctvoca·
968 2015 1097 2088 primum
1110 2012 1215 2088 publici
1225 2013 1298 2085 juris
1308 2013 1417 2069 lactum
1430 2018 1483 2085 est,
1498 2018 1562 2072 tum
1575 2021 1641 2092 post
1654 2035 1722 2075 eum
1737 2020 1774 2076 ab

111 2116 158 2168 tus
173 2112 216 2164 est
230 2107 374 2162 Silvester.
386 2103 534 2160 Girhertus
550 2103 630 2158 enim
645 2103 920 2160 docuitFulbertum
970 2102 1099 2160 ilistoriae
1113 2101 1260 2158 litteraria
1279 2102 1405 2159 Franciae
1421 2104 1606 2176 scriptoribus
1627 2110 1699 2163 tom.
1717 2109 1775 2179 illl,

114 2199 322 2254 carnotensem
338 2193 518 2266 episcopum,
536 2191 584 2264 qui
606 2195 672 2263 post
697 2192 856 2248 leobinum
872 2211 920 2249 ex·
971 2211 1039 2268 pag.
1056 2195 1090 2249 79
1111 2194 1140 2247 et
1160 2191 1302 2264 sequenti.
1317 2191 1434 2262 Verum,
1452 2193 1504 2249 etsi
1516 2193 1545 2250 id
1559 2194 1600 2251 ita
1611 2196 1657 2264 sit,
1672 2196 1778 2254 verosi·

112 2287 185 2344 stitit
199 2284 357 2358 episcopus.
367 2284 408 2339 lte
421 2298 478 2354 que
491 2281 699 2352 multascripta
711 2281 793 2337 velin
803 2283 920 2355 pagina,
972 2282 1128 2340 millimum
1143 2283 1243 2336 tamen
1257 2281 1350 2336 adhuc
1366 2285 1494 2354 apparet,
1511 2284 1589 2356 quod
1607 2284 1644 2340 de
1668 2286 1778 2342 tradita

113 2377 157 2432 vel
168 2375 199 2430 in
215 2375 302 2428 cantu
316 2374 423 2427 sancus
440 2369 567 2426 ecclesiae
579 2374 796 2426 remanserunt.
810 2370 859 2424 Hic
869 2372 921 2427 ite·
973 2371 1002 2427 S.
1021 2369 1147 2426 Brunoni
1171 2386 1189 2425 a
1204 2370 1378 2442 berengario
1393 2369 1575 2443 philosophia
1588 2372 1724 2430 affirmat.
1737 2375 1778 2432 Ea

113 2480 180 2521 rum
199 2463 349 2518 Fulbcrtus
370 2459 468 2516 docuit
496 2459 534 2513 Bc
554 2458 724 2531 rengerium
749 2460 922 2516 canonicum
973 2459 1062 2528 enim,
1078 2459 1110 2514 in
1134 2457 1237 2531 quibus
1257 2457 1477 2515 Chroniciillius
1491 2464 1591 2517 auctor
1615 2479 1633 2518 a
1656 2463 1777 2520 veritate

116 2549 338 2610 sanctillartini.
356 2548 410 2614 Qui
423 2548 494 2604 item
517 2548 684 2603 Brunonem
702 2549 876 2604 lismensem
894 2550 924 2605 et
973 2549 1099 2606 deviasse
1112 2551 1237 2614 notatur,
1252 2546 1288 2602 ab
1304 2551 1388 2603 aetate
1399 2549 1460 2621 ejus
1472 2549 1586 2621 longius
1601 2551 1734 2622 abfuere;
1745 2553 1776 2608 in

116 2643 186 2698 alios
201 2642 308 2697 multos
321 2637 444 2693 heredes
455 2636 645 2710 philosophie
660 2637 815 2710 reliquit.»
973 2638 1006 2695 iis
1020 2641 1127 2705 autem,
1144 2654 1207 2710 quae
1220 2637 1263 2691 vel
1278 2639 1410 2709 tempore
1432 2655 1484 2694 suo
1499 2640 1543 2695 vel
1558 2656 1617 2696 non
1631 2640 1680 2697 diu
1709 2645 1778 2699 ante

152 2733 195 2786 65.
209 2728 315 2785 Ordine
322 2726 378 2795 hic,
391 2741 448 2798 quo
470 2727 640 2793 floruerunt,
656 2730 923 2784 recensenturnon·
974 2730 1054 2801 gesta
1067 2729 1144 2794 sunt,
1160 2725 1205 2781 vix
1220 2743 1350 2799 unqumn
1366 2744 1383 2782 a
1399 2727 1523 2796 Labbeo,
1541 2728 1589 2802 qui
1608 2732 1707 2787 tamen
1731 2748 1778 2787 er·

117 2813 568 2885 nulli,utconsiderantipatebit,
586 2813 775 2885 philosophie
793 2814 923 2871 doctores
973 2834 1053 2874 rores
1065 2815 1127 2889 ejus
1141 2815 1240 2870 sedulo
1254 2814 1523 2883 adnotavit,errasse
1536 2821 1698 2888 notatur,ut
1712 2837 1779 2894 pro·

115 2926 166 2965 seu
177 2904 446 2979 magistri,quorum
457 2902 505 2957 alii
516 2902 735 2958 aliisscientiam
747 2905 822 2959 hanc
833 2904 922 2961 tradi·
973 2906 1052 2974 inde,
1066 2921 1133 2961 cnm
1148 2904 1326 2976 synchronus
1342 2907 1392 2959 aut
1406 2908 1483 2961 certe
1494 2922 1567 2979 pene
1581 2909 1697 2981 aqualis
1708 2908 1780 2966 San-

117 2996 185 3053 dere
202 3012 209 3062 ;
225 3008 324 3065 quare,
336 3007 403 3047 eum
417 2989 616 3063 berengarius,
633 2990 674 3045 uti
687 2991 873 3062 apudomnes
893 2992 924 3047 in
933 3040 957 3101 c
975 2999 1020 3052 cto
1035 2997 1133 3050 nestro
1149 2992 1322 3060 exstititerit,
1337 2992 1368 3048 in
1383 2992 1416 3048 iis
1429 2995 1538 3068 utique,
1550 3014 1614 3069 quae
1627 2997 1663 3053 de
1679 2999 1778 3056 audita

117 3083 307 3148 consessoest,
319 3079 506 3153 philosophie
520 3080 621 3135 doctor
631 3096 681 3134 seu
692 3079 830 3151 magister
836 3081 924 3138 etiam
975 3085 1010 3141 ab
1022 3085 1077 3140 hoc
1091 3082 1143 3138 suh
1162 3081 1336 3154 berengario
1348 3081 1529 3155 philosophia
1555 3085 1653 3154 tradit,
1668 3102 1779 3145 errasse

118 3170 267 3237 exstiterit,
291 3168 353 3223 haec
378 3166 592 3240 chronographi
616 3166 923 3227 halicacensisverba:
975 3171 1181 3230 existimandus
1191 3187 1250 3227 non
1260 3170 1306 3239 sit,
1323 3187 1415 3244 neque
1424 3188 1490 3228 vero
1499 3189 1618 3243 errasse,
1634 3175 1778 3233 aLabbeo

121 3282 135 3311 «
146 3258 451 3324 QuiitemBrunonem
460 3256 636 3312 lismensem
647 3256 756 3311 etalios
765 3258 927 3314 multoshe·
976 3265 1104 3318 notatur.
1121 3259 1225 3328 Quare,
1239 3259 1263 3314 si
1275 3276 1334 3315 non
1351 3259 1471 3316 omniuo
1486 3265 1608 3331 certum,
1619 3263 1780 3320 verosimil-

117 3347 202 3403 redes
210 3344 531 3417 philosophiaereliquit,
544 3364 558 3394 »
573 3358 632 3398 non
649 3344 686 3399 ad
700 3343 878 3415 Fulbertum,
896 3349 927 3403 ut
977 3352 1080 3408 limum
1088 3349 1235 3422 equidem,
1251 3348 1385 3404 caninibus
1406 3349 1602 3419 consideratis,
1621 3355 1673 3419 est,
1690 3352 1780 3409 Sane·

118 3437 178 3491 vult
207 3432 397 3500 habitionius,
426 3433 477 3488 sed
493 3431 531 3488 ad
546 3431 753 3505 berengarium
773 3433 928 3491 reserenda
976 3443 1039 3496 tum
1063 3441 1226 3495 nestruma
1245 3438 1419 3510 Berengario
1435 3439 1647 3512 philosophiam
1661 3441 1781 3497 doctum

119 3525 196 3590 sunt,
204 3522 301 3593 itaque
311 3506 418 3576 debent
427 3511 561 3594 intelligi,
575 3523 607 3576 ut
618 3520 789 3593 significent,
795 3523 871 3578 hunc
886 3522 928 3595 ip·
975 3529 1071 3585 fuisse.

118 3614 247 3668 summat
256 3608 285 3664 S.
299 3609 427 3665 Bruneni
436 3608 786 3681 philosophiae'scientiam
796 3611 929 3668 tradidis·
946 3644 950 3652 ·
1012 3620 1056 3673 67.
1069 3616 1501 3690 Hincporrojamconsequitur,
1510 3621 1624 3686 utaam,
1637 3636 1696 3675 non
1706 3620 1784 3677 pari.

118 3718 158 3757 se.
175 3701 209 3772 Et
224 3713 302 3767 vero,
319 3701 352 3753 ut
378 3698 419 3754 ita
447 3697 657 3770 intelligantur,
682 3699 823 3755 naturalis
839 3701 928 3757 etiam
977 3704 1782 3779 siis,quodhicetiamprobandumcrat,sedluroniscum

120 3795 302 3869 maximeque
325 3793 425 3850 obvius
439 3810 527 3866 quem
552 3792 687 3862 offerunt,
713 3811 813 3850 sensus
828 3796 926 3868 erigit,
977 3793 1268 3861 iuhaeeivitate,non
1285 3793 1444 3865 autem(uti
1456 3794 1781 3853 modointerrecentio·

119 3883 378 3957 quemadmodum,
401 3886 543 3954 quantum
563 3882 677 3955 opinor,
705 3883 825 3955 quisque
844 3883 927 3940 facile
977 3901 1023 3940 res
1031 3881 1399 3953 criticossatisconvenittin
1409 3881 1475 3950 alia,
1483 3883 1784 3955 Bercngariusdooue·

118 3973 265 4028 fatebitur.
291 3971 339 4042 qui
351 3969 525 4042 prejudiciis
538 3986 641 4024 vacuus
664 3969 814 4026 exstiterit.
830 3970 927 4026 llabil·
978 3972 1025 4039 rit,
1046 3970 1261 4043 veresimillime
1278 3969 1431 4044 exceperit.
1447 3972 1485 4026 At
1496 3987 1573 4037 vero,
1591 3972 1712 4045 inquies,
1729 3974 1782 4030 Be-

118 4061 212 4117 louius
225 4059 356 4132 quidem,
369 4060 401 4113 ut
415 4057 546 4112 sanctam
562 4056 777 4128 philosophiam
788 4075 805 4114 a
821 4059 926 4115 Beren-
977 4059 1227 4133 rengariusimpia
1236 4075 1297 4125 sua,
1309 4075 1366 4131 qua
1377 4059 1448 4114 alios
1460 4060 1680 4116 etiaminiicere
1693 4077 1781 4118 cona·

120 4148 199 4221 gario
215 4148 333 4203 doctum
350 4135 513 4213 censuisse,
523 4161 555 4200 ac
565 4145 649 4218 proin
664 4146 829 4215 haecverba,
844 4169 858 4198 ι(
874 4147 928 4213 Qui
978 4150 1072 4216 hatur,
1088 4149 1190 4203 haeresi
1206 4147 1322 4202 infernis
1336 4148 1420 4218 juxta
1431 4165 1464 4203 ac
1477 4148 1652 4221 periculosus
1661 4153 1733 4219 erat,
1747 4167 1781 4207 ae

120 4238 191 4294 item
207 4237 374 4291 Brunonem
386 4235 722 4301 Remensem,»etc.,e0
736 4234 926 4308 modo,quem
977 4237 1061 4310 proin
1084 4235 1308 4299 existimandum
1335 4252 1395 4291 non
1410 4239 1540 4309 apparet,
1560 4237 1604 4292 rel
1625 4238 1716 4293 sancti
1730 4257 1779 4313 pa·

121 4325 257 4398 assignat,
266 4321 568 4394 exponendaevincat,
580 4320 610 4376 in
619 4321 824 4391 probationem
833 4323 926 4381 adhuc
976 4329 1083 4393 rentes,
1095 4325 1139 4379 vel
1154 4339 1212 4390 eos,
1223 4323 1272 4395 qui
1282 4322 1356 4378 illius
1369 4324 1577 4396 adhucjuvenis
1587 4342 1684 4381 curam
1697 4343 1780 4398 gere·

119 4414 210 4482 addit,
239 4414 438 4478 «Brunonem,
459 4410 523 4482 jam
541 4400 1058 4482 clericumetCeloniensemDbant,
1088 4410 1400 4480 commissurosiuisse,
1429 4416 1460 4467 ut
1484 4412 1634 4481 Sanctum,
1649 4416 1781 4487 magistri

118 4502 302 4568 canonicum,
313 4516 346 4555 ac
362 4498 484 4571 proinde
508 4497 611 4553 litteris
629 4499 783 4566 excultum,
798 4516 832 4554 ex
857 4501 927 4560 urbe
976 4500 1142 4574 hujusmodi
1150 4500 1780 4576 disciplinaetraditum,venenataelmpioeque

120 4589 238 4647 Colonia
252 4589 282 4643 in
299 4588 457 4644 Remorum
473 4587 619 4642 civitatem
634 4587 793 4666 accessisse,
813 4589 927 4662 »idque
977 4589 1115 4646 doctrinae
1130 4590 1297 4645 hauriendas
1307 4588 1465 4644 discrimini
1476 4593 1662 4661 exponerent.
1674 4591 1780 4648 Verum

120 4681 294 4736 constareex
307 4676 383 4733 hisce
401 4676 458 4748 (adi
473 4692 556 4731 num.
571 4676 614 4748 52)
628 4664 926 4734 blanassisRemorum
977 4677 1166 4750 Berengarius
1187 4694 1245 4733 nen
1259 4678 1367 4745 statim,
1391 4694 1457 4732 cum
1471 4678 1582 4733 scholas
1599 4679 1781 4736 Turonenses

121 4767 329 4840 archipraesulis
353 4765 388 4820 de
405 4763 433 4820 S.
448 4764 582 4820 Brunone
604 4765 707 4833 verbis,
732 4787 747 4815 »
763 4766 857 4822 Bruno
873 4783 926 4823 nec
974 4784 1076 4840 regere
1085 4767 1181 4839 coepit,
1195 4767 1225 4822 in
1234 4765 1427 4822 heresimluit
1435 4766 1593 4839 prolapsus,
1606 4784 1659 4823 nec
1670 4769 1780 4839 statim,

119 4858 218 4912 noster
238 4854 367 4922 clericus,
384 4870 436 4908 nec
453 4856 553 4909 noster
564 4855 657 4920 natus,
671 4857 721 4909 aut
739 4855 857 4911 renatus
872 4860 924 4926 est,
975 4872 1042 4911 cum
1054 4855 1197 4910 haerescos
1208 4871 1265 4910 sue
1275 4853 1350 4909 virus
1356 4870 1492 4926 spargere
1504 4855 1599 4927 coepit,
1611 4857 1717 4928 passim
1727 4874 1780 4930 pro

119 4945 170 5003 sed
180 4943 270 5000 sancti
286 4940 442 5009 Cuniberti,
456 4941 486 4997 in
495 4942 817 5014 regnoTeutonicorum
828 4944 924 5016 positi,
974 4943 1111 5000 haeretico
1128 4943 1164 4999 ab
1176 4943 1311 4998 omnibus
1323 4942 1378 4998 luit
1387 4942 1511 4998 habitus.
1527 4944 1560 4997 Et
1573 4943 1781 5017 Hugoquidem
1797 5002 1803 5011 ,

120 5033 274 5092 canonicus
289 5034 341 5100 est,
353 5051 368 5080 »
395 5033 449 5086 etc.
465 5030 572 5086 Verum
597 5031 708 5100 litteris,
726 5048 790 5104 quaa
805 5033 923 5104 altioris,
975 5031 1165 5106 lingonensis
1178 5030 1590 5106 episcopus,Berengariiolim
1600 5032 1780 5106 condiscipu·

119 5126 151 5181 ut
178 5117 368 5192 philosophia,
391 5116 500 5173 ordinis
529 5118 597 5186 sint,
624 5119 756 5175 nondum
781 5125 923 5190 sanctum,
974 5120 1227 5195 lus,primusluit,
1249 5119 1404 5194 quiahoc,
1423 5120 1780 5191 (adillistoriaelitterarioe

118 5225 185 5265 cum
202 5207 320 5281 Colonia
333 5207 440 5263 Remos
464 5206 543 5274 adiit,
560 5207 705 5263 excultum
720 5207 816 5277 luisse,
839 5226 926 5282 supra
975 5210 1100 5267 Francia
1115 5209 1267 5282 scriptores
1283 5212 1354 5264 tom.
1368 5208 1436 5277 Vlll,
1449 5224 1516 5280 pag.
1529 5208 1591 5279 202)
1606 5208 1636 5264 in
1651 5209 1780 5266 euchari-

118 5280 279 5365 docuimu's,
305 5312 358 5352 nec
373 5296 403 5352 id
429 5299 561 5354 constare
581 5300 677 5369 potest
701 5314 735 5353 cx
762 5298 925 5371 allegatisa
974 5299 1035 5356 stiae
1048 5298 1231 5355 sacramento
1243 5299 1272 5353 et
1285 5297 1781 5356 realitatemettransubstantiatio-

117 5381 280 5444 llabillonie
308 5383 441 5439 Manassis
464 5383 670 5457 archiepiscopi
689 5385 793 5456 verbis,
808 5403 875 5442 cnm
890 5404 924 5444 ex
975 5403 1044 5444 nem
1060 5387 1170 5460 negari,
1181 5385 1331 5456 detexerit,
1340 5384 1575 5459 quiquehaudita
1585 5383 1694 5441 diadum
1703 5389 1779 5458 post,

118 5473 249 5544 hiscant
263 5471 327 5546 jam
348 5473 565 5547 supradictum,
585 5472 680 5547 potius
695 5480 842 5548 appareat,
857 5493 924 5535 san·
974 5492 1032 5552 quo
1052 5479 1200 5532 amanum
1228 5475 1257 5530 in
1279 5474 1356 5531 riam
1384 5473 1544 5543 reduceret,
1569 5474 1719 5546 pulchram
1742 5474 1780 5531 ad

120 5565 201 5642 dum
216 5563 361 5636 nomm,
393 5564 552 5639 antequam
568 5563 679 5625 litteras
700 5563 927 5629 &mendieauss
975 5581 1045 5626 eum
1058 5562 1138 5623 dedit
1148 5563 1300 5648 epistolam
1316 5581 1324 5637 ;
1339 5579 1429 5640 quere
1440 5578 1508 5622 eum
1521 5562 1583 5621 hec
1603 5561 1661 5657 (adi
1673 5561 1779 5621 iterum
