<?xml version="1.0" encoding="UTF-8"?>
<!DOCTYPE html PUBLIC "-//W3C//DTD XHTML 1.0 Transitional//EN"
    "http://www.w3.org/TR/xhtml1/DTD/xhtml1-transitional.dtd">
<html xmlns="http://www.w3.org/1999/xhtml" xml:lang="en" lang="en">
 <head>
  <title>
</title>
<meta http-equiv="Content-Type" content="text/html;charset=utf-8" />
  <meta name='ocr-system' content='tesseract 3.04.00' />
  <meta name='ocr-capabilities' content='ocr_page ocr_carea ocr_par ocr_line ocrx_word'/>
</head>
<body>
  <div class='ocr_page' id='page_1' title='image "./patrologiaecurs30unkngoog_0365.png"; bbox 0 0 3772 5970; ppageno 0'>
   <div class='ocr_carea' id='block_1_1' title="bbox 98 330 1776 408">
    <p class='ocr_par' dir='ltr' id='par_1_1' title="bbox 98 330 1776 408">
     <span class='ocr_line' id='line_1_1' title="bbox 98 330 1776 408; baseline -0.014 -1"><span class='ocrx_word' id='word_1_1' title='bbox 98 350 152 408; x_wconf 82' lang='lat' dir='ltr'>ue</span> <span class='ocrx_word' id='word_1_2' title='bbox 392 338 422 400; x_wconf 80' lang='lat' dir='ltr'>s,</span> <span class='ocrx_word' id='word_1_3' title='bbox 442 336 615 397; x_wconf 83' lang='lat' dir='ltr'>aauuous</span> <span class='ocrx_word' id='word_1_4' title='bbox 635 330 951 393; x_wconf 80' lang='lat' dir='ltr'>maruusuuoauu</span> <span class='ocrx_word' id='word_1_5' title='bbox 970 330 1203 392; x_wconf 85' lang='lat' dir='ltr'>usruuroavs</span> <span class='ocrx_word' id='word_1_6' title='bbox 1227 334 1304 393; x_wconf 82' lang='lat' dir='ltr'>ore.</span> <span class='ocrx_word' id='word_1_7' title='bbox 1327 334 1415 393; x_wconf 77' lang='lat' dir='ltr'>uvas</span> <span class='ocrx_word' id='word_1_8' title='bbox 1433 338 1454 394; x_wconf 88' lang='grc' dir='ltr'>ι.</span> <span class='ocrx_word' id='word_1_9' title='bbox 1724 340 1776 396; x_wconf 70' lang='lat'>720</span> 
     </span>
    </p>
   </div>
   <div class='ocr_carea' id='block_1_2' title="bbox 101 461 1785 1866">
    <p class='ocr_par' dir='ltr' id='par_1_2' title="bbox 101 461 1785 1334">
     <span class='ocr_line' id='line_1_2' title="bbox 101 461 1773 545; baseline -0.005 -15"><span class='ocrx_word' id='word_1_10' title='bbox 101 473 327 545; x_wconf 80' lang='lat' dir='ltr'>duireputando</span> <span class='ocrx_word' id='word_1_11' title='bbox 340 471 426 526; x_wconf 89' lang='lat' dir='ltr'>vilem</span> <span class='ocrx_word' id='word_1_12' title='bbox 434 464 776 539; x_wconf 73' lang='lat' dir='ltr'>dedignanturrespieere</span> <span class='ocrx_word' id='word_1_13' title='bbox 787 465 818 517; x_wconf 94' lang='lat' dir='ltr'>ut</span> <span class='ocrx_word' id='word_1_14' title='bbox 830 462 913 516; x_wconf 90' lang='lat' dir='ltr'>mise·</span> <span class='ocrx_word' id='word_1_15' title='bbox 924 461 1135 527; x_wconf 73' lang='lat' dir='ltr'>Aeeeudies50t</span> <span class='ocrx_word' id='word_1_16' title='bbox 1144 464 1198 517; x_wconf 85' lang='lat' dir='ltr'>trec</span> <span class='ocrx_word' id='word_1_17' title='bbox 1206 464 1283 535; x_wconf 89' lang='lat' dir='ltr'>quod</span> <span class='ocrx_word' id='word_1_18' title='bbox 1291 465 1618 533; x_wconf 80' lang='lat' dir='ltr'>nonexaudientur,uou</span> <span class='ocrx_word' id='word_1_19' title='bbox 1631 465 1692 522; x_wconf 89' lang='lat' dir='ltr'>erit</span> <span class='ocrx_word' id='word_1_20' title='bbox 1699 468 1737 521; x_wconf 87' lang='lat' dir='ltr'>nd</span> <span class='ocrx_word' id='word_1_21' title='bbox 1746 472 1773 522; x_wconf 85' lang='lat' dir='ltr'>iu</span> 
     </span>
     <span class='ocr_line' id='line_1_3' title="bbox 101 551 1781 631; baseline -0.004 -13"><span class='ocrx_word' id='word_1_22' title='bbox 101 568 230 619; x_wconf 81' lang='lat' dir='ltr'>reantur.</span> <span class='ocrx_word' id='word_1_23' title='bbox 242 563 274 616; x_wconf 85' lang='lat' dir='ltr'>Et</span> <span class='ocrx_word' id='word_1_24' title='bbox 287 563 340 616; x_wconf 84' lang='lat' dir='ltr'>lior</span> <span class='ocrx_word' id='word_1_25' title='bbox 357 559 433 631; x_wconf 74' lang='lat' dir='ltr'>quiid</span> <span class='ocrx_word' id='word_1_26' title='bbox 457 558 583 610; x_wconf 88' lang='lat' dir='ltr'>breviter</span> <span class='ocrx_word' id='word_1_27' title='bbox 596 555 684 627; x_wconf 87' lang='lat' dir='ltr'>penit,</span> <span class='ocrx_word' id='word_1_28' title='bbox 703 555 807 624; x_wconf 76' lang='lat' dir='ltr'>respice,</span> <span class='ocrx_word' id='word_1_29' title='bbox 822 551 850 605; x_wconf 91' lang='lat' dir='ltr'>in</span> <span class='ocrx_word' id='word_1_30' title='bbox 864 567 910 604; x_wconf 90' lang='lat' dir='ltr'>se·</span> <span class='ocrx_word' id='word_1_31' title='bbox 960 553 1110 622; x_wconf 73' lang='lat' dir='ltr'>sepientiuru</span> <span class='ocrx_word' id='word_1_32' title='bbox 1120 553 1197 617; x_wconf 86' lang='lat' dir='ltr'>mitu&#39;,</span> <span class='ocrx_word' id='word_1_33' title='bbox 1208 554 1257 607; x_wconf 82' lang='lat' dir='ltr'>sed</span> <span class='ocrx_word' id='word_1_34' title='bbox 1266 553 1463 608; x_wconf 78' lang='lat' dir='ltr'>adutilitatsm</span> <span class='ocrx_word' id='word_1_35' title='bbox 1474 555 1781 624; x_wconf 83' lang='lat' dir='ltr'>etdeetrinam.Nam,</span> 
     </span>
     <span class='ocr_line' id='line_1_4' title="bbox 101 639 1785 725; baseline -0.005 -19"><span class='ocrx_word' id='word_1_36' title='bbox 101 652 254 725; x_wconf 82' lang='lat' dir='ltr'>quentibus</span> <span class='ocrx_word' id='word_1_37' title='bbox 269 652 325 703; x_wconf 87' lang='lat' dir='ltr'>late</span> <span class='ocrx_word' id='word_1_38' title='bbox 338 647 466 719; x_wconf 84' lang='lat' dir='ltr'>exponit.</span> <span class='ocrx_word' id='word_1_39' title='bbox 483 646 549 698; x_wconf 84' lang='lat' dir='ltr'>ltico</span> <span class='ocrx_word' id='word_1_40' title='bbox 566 643 637 696; x_wconf 89' lang='lat' dir='ltr'>Deus</span> <span class='ocrx_word' id='word_1_41' title='bbox 653 659 739 708; x_wconf 49' lang='lat' dir='ltr'>ereren</span> <span class='ocrx_word' id='word_1_42' title='bbox 755 644 783 693; x_wconf 90' lang='lat' dir='ltr'>et</span> <span class='ocrx_word' id='word_1_43' title='bbox 797 656 862 693; x_wconf 92' lang='lat' dir='ltr'>cum</span> <span class='ocrx_word' id='word_1_44' title='bbox 874 639 911 692; x_wconf 88' lang='lat' dir='ltr'>sis</span> <span class='ocrx_word' id='word_1_45' title='bbox 958 639 1039 710; x_wconf 77' lang='lat' dir='ltr'>juxta</span> <span class='ocrx_word' id='word_1_46' title='bbox 1050 641 1348 711; x_wconf 77' lang='lat' dir='ltr'>Apostolumtullirtus</span> <span class='ocrx_word' id='word_1_47' title='bbox 1359 642 1388 695; x_wconf 92' lang='grc' dir='ltr'>ιιι</span> <span class='ocrx_word' id='word_1_48' title='bbox 1403 642 1575 698; x_wconf 84' lang='lat' dir='ltr'>infirmitate</span> <span class='ocrx_word' id='word_1_49' title='bbox 1584 644 1785 716; x_wconf 74' lang='lat' dir='ltr'>pertlerturlll</span> 
     </span>
     <span class='ocr_line' id='line_1_5' title="bbox 102 726 1781 809; baseline -0.003 -16"><span class='ocrx_word' id='word_1_50' title='bbox 102 741 176 794; x_wconf 85' lang='lat' dir='ltr'>Deus</span> <span class='ocrx_word' id='word_1_51' title='bbox 197 756 287 799; x_wconf 69' lang='lat' dir='ltr'>meus</span> <span class='ocrx_word' id='word_1_52' title='bbox 306 735 468 809; x_wconf 76' lang='lat' dir='ltr'>specialiter</span> <span class='ocrx_word' id='word_1_53' title='bbox 483 731 670 803; x_wconf 73' lang='lat' dir='ltr'>querendum</span> <span class='ocrx_word' id='word_1_54' title='bbox 697 746 756 782; x_wconf 87' lang='lat' dir='ltr'>esse</span> <span class='ocrx_word' id='word_1_55' title='bbox 778 728 909 782; x_wconf 87' lang='lat' dir='ltr'>videtur:</span> <span class='ocrx_word' id='word_1_56' title='bbox 962 726 1026 789; x_wconf 83' lang='lat' dir='ltr'>Cor,</span> <span class='ocrx_word' id='word_1_57' title='bbox 1038 745 1086 793; x_wconf 81' lang='grc' dir='ltr'>ιιι,</span> <span class='ocrx_word' id='word_1_58' title='bbox 1100 731 1139 800; x_wconf 83' lang='grc'>9).</span> <span class='ocrx_word' id='word_1_59' title='bbox 1163 752 1175 773; x_wconf 74' lang='lat' dir='ltr'>r</span> <span class='ocrx_word' id='word_1_60' title='bbox 1190 730 1223 784; x_wconf 85' lang='lat' dir='ltr'>Et</span> <span class='ocrx_word' id='word_1_61' title='bbox 1245 730 1312 784; x_wconf 92' lang='lat' dir='ltr'>alibi</span> <span class='ocrx_word' id='word_1_62' title='bbox 1330 730 1483 785; x_wconf 87' lang='lat' dir='ltr'>Psalmista</span> <span class='ocrx_word' id='word_1_63' title='bbox 1499 749 1505 785; x_wconf 78' lang='lat' dir='ltr'><strong><em>z</em></strong></span> <span class='ocrx_word' id='word_1_64' title='bbox 1522 757 1535 780; x_wconf 78' lang='grc' dir='ltr'>ι</span> <span class='ocrx_word' id='word_1_65' title='bbox 1554 733 1720 803; x_wconf 81' lang='lat' dir='ltr'>Disciplina</span> <span class='ocrx_word' id='word_1_66' title='bbox 1734 737 1781 788; x_wconf 91' lang='lat' dir='ltr'>tua</span> 
     </span>
     <span class='ocr_line' id='line_1_6' title="bbox 103 817 1782 900; baseline -0.003 -19"><span class='ocrx_word' id='word_1_67' title='bbox 103 846 186 900; x_wconf 85' lang='lat' dir='ltr'>quare</span> <span class='ocrx_word' id='word_1_68' title='bbox 199 846 239 880; x_wconf 86' lang='lat' dir='ltr'>me</span> <span class='ocrx_word' id='word_1_69' title='bbox 250 822 436 897; x_wconf 84' lang='lat' dir='ltr'>dereliquisti?</span> <span class='ocrx_word' id='word_1_70' title='bbox 452 823 479 875; x_wconf 89' lang='grc' dir='ltr'>ιιι</span> <span class='ocrx_word' id='word_1_71' title='bbox 494 825 536 873; x_wconf 86' lang='lat' dir='ltr'>est</span> <span class='ocrx_word' id='word_1_72' title='bbox 551 836 639 891; x_wconf 87' lang='lat' dir='ltr'>quare</span> <span class='ocrx_word' id='word_1_73' title='bbox 655 818 728 871; x_wconf 82' lang='lat' dir='ltr'>visus</span> <span class='ocrx_word' id='word_1_74' title='bbox 750 835 779 870; x_wconf 70' lang='lat' dir='ltr'>es</span> <span class='ocrx_word' id='word_1_75' title='bbox 803 834 849 870; x_wconf 88' lang='lat' dir='ltr'>me</span> <span class='ocrx_word' id='word_1_76' title='bbox 865 817 912 869; x_wconf 85' lang='lat' dir='ltr'>de.-</span> <span class='ocrx_word' id='word_1_77' title='bbox 961 817 1085 870; x_wconf 85' lang='lat' dir='ltr'>correxit</span> <span class='ocrx_word' id='word_1_78' title='bbox 1101 834 1157 881; x_wconf 84' lang='lat' dir='ltr'>me,</span> <span class='ocrx_word' id='word_1_79' title='bbox 1171 842 1182 864; x_wconf 67' lang='grc' dir='ltr'>υ</span> <span class='ocrx_word' id='word_1_80' title='bbox 1199 822 1252 870; x_wconf 86' lang='lat' dir='ltr'>ete.</span> <span class='ocrx_word' id='word_1_81' title='bbox 1273 819 1360 873; x_wconf 72' lang='lat' dir='ltr'>‘Psoi</span> <span class='ocrx_word' id='word_1_82' title='bbox 1378 836 1463 879; x_wconf 86' lang='grc' dir='ltr'>ιιιιιίι,</span> <span class='ocrx_word' id='word_1_83' title='bbox 1480 823 1539 884; x_wconf 75' lang='lat'>37).</span> <span class='ocrx_word' id='word_1_84' title='bbox 1555 821 1626 875; x_wconf 81' lang='lat' dir='ltr'>Dico</span> <span class='ocrx_word' id='word_1_85' title='bbox 1643 823 1716 892; x_wconf 86' lang='lat' dir='ltr'>quia</span> <span class='ocrx_word' id='word_1_86' title='bbox 1730 840 1782 876; x_wconf 85' lang='lat' dir='ltr'>uon</span> 
     </span>
     <span class='ocr_line' id='line_1_7' title="bbox 102 905 1781 987; baseline -0.002 -18"><span class='ocrx_word' id='word_1_87' title='bbox 102 915 273 987; x_wconf 73' lang='lat' dir='ltr'>reliquisse?</span> <span class='ocrx_word' id='word_1_88' title='bbox 288 912 423 983; x_wconf 83' lang='lat' dir='ltr'>Sequitur</span> <span class='ocrx_word' id='word_1_89' title='bbox 445 909 560 963; x_wconf 91' lang='lat' dir='ltr'>solutio.</span> <span class='ocrx_word' id='word_1_90' title='bbox 578 907 663 959; x_wconf 82' lang='lat' dir='ltr'>Verbo</span> <span class='ocrx_word' id='word_1_91' title='bbox 674 906 829 959; x_wconf 80' lang='lat' dir='ltr'>delictorum</span> <span class='ocrx_word' id='word_1_92' title='bbox 845 920 912 956; x_wconf 78' lang='lat' dir='ltr'>rrtee</span> <span class='ocrx_word' id='word_1_93' title='bbox 961 905 1096 962; x_wconf 73' lang='lat' dir='ltr'>exaudies.</span> <span class='ocrx_word' id='word_1_94' title='bbox 1110 909 1138 958; x_wconf 90' lang='lat' dir='ltr'>et</span> <span class='ocrx_word' id='word_1_95' title='bbox 1155 905 1219 959; x_wconf 90' lang='lat' dir='ltr'>ideo</span> <span class='ocrx_word' id='word_1_96' title='bbox 1232 905 1372 961; x_wconf 80' lang='lat' dir='ltr'>videberis</span> <span class='ocrx_word' id='word_1_97' title='bbox 1387 908 1550 979; x_wconf 88' lang='lat' dir='ltr'>elongatus.</span> <span class='ocrx_word' id='word_1_98' title='bbox 1569 909 1612 961; x_wconf 87' lang='lat' dir='ltr'>Tu</span> <span class='ocrx_word' id='word_1_99' title='bbox 1627 917 1722 963; x_wconf 72' lang='lat' dir='ltr'>irritem</span> <span class='ocrx_word' id='word_1_100' title='bbox 1735 912 1781 964; x_wconf 80' lang='lat' dir='ltr'>bn·</span> 
     </span>
     <span class='ocr_line' id='line_1_8' title="bbox 101 991 1782 1070; baseline -0.002 -13"><span class='ocrx_word' id='word_1_101' title='bbox 101 1022 172 1070; x_wconf 77' lang='lat' dir='ltr'>euru,</span> <span class='ocrx_word' id='word_1_102' title='bbox 188 1004 388 1057; x_wconf 90' lang='lat' dir='ltr'>membrorum</span> <span class='ocrx_word' id='word_1_103' title='bbox 409 1000 585 1062; x_wconf 83' lang='lat' dir='ltr'>futurorum,</span> <span class='ocrx_word' id='word_1_104' title='bbox 604 995 632 1049; x_wconf 87' lang='lat' dir='ltr'>id</span> <span class='ocrx_word' id='word_1_105' title='bbox 647 998 689 1048; x_wconf 85' lang='lat' dir='ltr'>est</span> <span class='ocrx_word' id='word_1_106' title='bbox 706 991 912 1064; x_wconf 89' lang='lat' dir='ltr'>postulationes</span> <span class='ocrx_word' id='word_1_107' title='bbox 963 991 1042 1059; x_wconf 83' lang='lat' dir='ltr'>bitus,</span> <span class='ocrx_word' id='word_1_108' title='bbox 1056 993 1084 1046; x_wconf 93' lang='lat' dir='ltr'>id</span> <span class='ocrx_word' id='word_1_109' title='bbox 1098 997 1150 1059; x_wconf 84' lang='lat' dir='ltr'>est,</span> <span class='ocrx_word' id='word_1_110' title='bbox 1160 997 1257 1047; x_wconf 90' lang='lat' dir='ltr'>tamen</span> <span class='ocrx_word' id='word_1_111' title='bbox 1269 1011 1327 1049; x_wconf 90' lang='lat' dir='ltr'>non</span> <span class='ocrx_word' id='word_1_112' title='bbox 1337 995 1565 1062; x_wconf 63' lang='lat' dir='ltr'>exaudiendum</span> <span class='ocrx_word' id='word_1_113' title='bbox 1579 1005 1690 1063; x_wconf 84' lang='lat' dir='ltr'>sancto,</span> <span class='ocrx_word' id='word_1_114' title='bbox 1701 998 1730 1053; x_wconf 92' lang='lat' dir='ltr'>id</span> <span class='ocrx_word' id='word_1_115' title='bbox 1741 1003 1782 1054; x_wconf 89' lang='lat' dir='ltr'>est</span> 
     </span>
     <span class='ocr_line' id='line_1_9' title="bbox 102 1078 1780 1164; baseline -0.002 -19"><span class='ocrx_word' id='word_1_116' title='bbox 102 1110 172 1164; x_wconf 85' lang='lat' dir='ltr'>quas</span> <span class='ocrx_word' id='word_1_117' title='bbox 188 1092 244 1145; x_wconf 91' lang='lat' dir='ltr'>mei</span> <span class='ocrx_word' id='word_1_118' title='bbox 258 1089 346 1143; x_wconf 85' lang='lat' dir='ltr'>laturi</span> <span class='ocrx_word' id='word_1_119' title='bbox 358 1088 540 1157; x_wconf 82' lang='lat' dir='ltr'>faciunt,pro</span> <span class='ocrx_word' id='word_1_120' title='bbox 555 1078 909 1153; x_wconf 86' lang='lat' dir='ltr'>delictissuispurgandis:</span> <span class='ocrx_word' id='word_1_121' title='bbox 960 1079 1102 1135; x_wconf 80' lang='lat' dir='ltr'>insaucia</span> <span class='ocrx_word' id='word_1_122' title='bbox 1116 1081 1284 1136; x_wconf 83' lang='lat' dir='ltr'>collectione</span> <span class='ocrx_word' id='word_1_123' title='bbox 1305 1084 1506 1138; x_wconf 89' lang='lat' dir='ltr'>membrorum</span> <span class='ocrx_word' id='word_1_124' title='bbox 1524 1101 1675 1140; x_wconf 88' lang='lat' dir='ltr'>meorum.</span> <span class='ocrx_word' id='word_1_125' title='bbox 1702 1087 1780 1142; x_wconf 88' lang='lat' dir='ltr'>Unde</span> 
     </span>
     <span class='ocr_line' id='line_1_10' title="bbox 102 1168 1780 1252; baseline -0.002 -18"><span class='ocrx_word' id='word_1_126' title='bbox 102 1183 205 1252; x_wconf 89' lang='lat' dir='ltr'>petunt</span> <span class='ocrx_word' id='word_1_127' title='bbox 219 1183 250 1233; x_wconf 95' lang='lat' dir='ltr'>ut</span> <span class='ocrx_word' id='word_1_128' title='bbox 261 1179 297 1232; x_wconf 92' lang='lat' dir='ltr'>sis</span> <span class='ocrx_word' id='word_1_129' title='bbox 317 1178 392 1246; x_wconf 79' lang='lat' dir='ltr'>tonqe</span> <span class='ocrx_word' id='word_1_130' title='bbox 407 1195 423 1229; x_wconf 84' lang='lat' dir='ltr'>u</span> <span class='ocrx_word' id='word_1_131' title='bbox 438 1175 523 1229; x_wconf 80' lang='lat' dir='ltr'>salute</span> <span class='ocrx_word' id='word_1_132' title='bbox 535 1191 592 1226; x_wconf 84' lang='lat' dir='ltr'>mee</span> <span class='ocrx_word' id='word_1_133' title='bbox 606 1169 759 1242; x_wconf 88' lang='lat' dir='ltr'>corporali,</span> <span class='ocrx_word' id='word_1_134' title='bbox 777 1169 806 1222; x_wconf 92' lang='lat' dir='ltr'>id</span> <span class='ocrx_word' id='word_1_135' title='bbox 822 1171 865 1223; x_wconf 85' lang='lat' dir='ltr'>est</span> <span class='ocrx_word' id='word_1_136' title='bbox 880 1170 911 1221; x_wconf 93' lang='lat' dir='ltr'>ut</span> <span class='ocrx_word' id='word_1_137' title='bbox 961 1168 1102 1239; x_wconf 90' lang='lat' dir='ltr'>propheta</span> <span class='ocrx_word' id='word_1_138' title='bbox 1130 1185 1136 1222; x_wconf 95' lang='lat'><strong>:</strong></span> <span class='ocrx_word' id='word_1_139' title='bbox 1165 1193 1178 1216; x_wconf 76' lang='grc' dir='ltr'>ι</span> <span class='ocrx_word' id='word_1_140' title='bbox 1197 1170 1367 1225; x_wconf 86' lang='lat' dir='ltr'>lababitabo</span> <span class='ocrx_word' id='word_1_141' title='bbox 1390 1171 1420 1225; x_wconf 90' lang='lat' dir='ltr'>in</span> <span class='ocrx_word' id='word_1_142' title='bbox 1441 1172 1507 1238; x_wconf 89' lang='lat' dir='ltr'>illis,</span> <span class='ocrx_word' id='word_1_143' title='bbox 1529 1175 1559 1227; x_wconf 90' lang='lat' dir='ltr'>et</span> <span class='ocrx_word' id='word_1_144' title='bbox 1584 1190 1637 1230; x_wconf 85' lang='lat' dir='ltr'>ere</span> <span class='ocrx_word' id='word_1_145' title='bbox 1665 1174 1780 1230; x_wconf 89' lang='lat' dir='ltr'>illorum</span> 
     </span>
     <span class='ocr_line' id='line_1_11' title="bbox 103 1255 1560 1334; baseline -0.004 -12"><span class='ocrx_word' id='word_1_146' title='bbox 103 1286 162 1323; x_wconf 90' lang='lat' dir='ltr'>non</span> <span class='ocrx_word' id='word_1_147' title='bbox 177 1270 267 1322; x_wconf 87' lang='lat' dir='ltr'>salves</span> <span class='ocrx_word' id='word_1_148' title='bbox 283 1283 330 1321; x_wconf 90' lang='lat' dir='ltr'>me</span> <span class='ocrx_word' id='word_1_149' title='bbox 342 1283 359 1319; x_wconf 91' lang='lat' dir='ltr'>a</span> <span class='ocrx_word' id='word_1_150' title='bbox 370 1269 464 1319; x_wconf 89' lang='lat' dir='ltr'>morte</span> <span class='ocrx_word' id='word_1_151' title='bbox 479 1260 685 1334; x_wconf 73' lang='lat' dir='ltr'>corporisb&#39;on</span> <span class='ocrx_word' id='word_1_152' title='bbox 702 1257 912 1330; x_wconf 82' lang='lat' dir='ltr'>poniteertreeo</span> <span class='ocrx_word' id='word_1_153' title='bbox 946 1256 1036 1313; x_wconf 69' lang='lat' dir='ltr'>,Deus</span> <span class='ocrx_word' id='word_1_154' title='bbox 1050 1255 1093 1318; x_wconf 89' lang='lat' dir='ltr'>(II</span> <span class='ocrx_word' id='word_1_155' title='bbox 1106 1255 1168 1314; x_wconf 88' lang='lat' dir='ltr'>Gor.</span> <span class='ocrx_word' id='word_1_156' title='bbox 1183 1274 1222 1318; x_wconf 87' lang='lat' dir='ltr'>vv,</span> <span class='ocrx_word' id='word_1_157' title='bbox 1243 1261 1293 1322; x_wconf 78' lang='lat'>{63</span> <span class='ocrx_word' id='word_1_158' title='bbox 1307 1258 1370 1312; x_wconf 79' lang='lat' dir='ltr'>Lea.</span> <span class='ocrx_word' id='word_1_159' title='bbox 1385 1276 1460 1321; x_wconf 82' lang='lat' dir='ltr'>xxvi,</span> <span class='ocrx_word' id='word_1_160' title='bbox 1474 1259 1528 1332; x_wconf 69' lang='lat' dir='ltr'>ll).</span> <span class='ocrx_word' id='word_1_161' title='bbox 1546 1283 1560 1308; x_wconf 90' lang='lat'>»</span> 
     </span>
    </p>

    <p class='ocr_par' dir='ltr' id='par_1_3' title="bbox 102 1344 1782 1866">
     <span class='ocr_line' id='line_1_12' title="bbox 105 1344 1779 1433; baseline -0.002 -22"><span class='ocrx_word' id='word_1_162' title='bbox 105 1357 284 1433; x_wconf 85' lang='lat' dir='ltr'>quodrorbis</span> <span class='ocrx_word' id='word_1_163' title='bbox 298 1358 397 1426; x_wconf 80' lang='lat' dir='ltr'>agant,</span> <span class='ocrx_word' id='word_1_164' title='bbox 412 1353 462 1407; x_wconf 90' lang='lat' dir='ltr'>sed</span> <span class='ocrx_word' id='word_1_165' title='bbox 479 1351 547 1423; x_wconf 87' lang='lat' dir='ltr'>quia</span> <span class='ocrx_word' id='word_1_166' title='bbox 561 1351 633 1404; x_wconf 91' lang='lat' dir='ltr'>sicut</span> <span class='ocrx_word' id='word_1_167' title='bbox 647 1347 748 1420; x_wconf 88' lang='lat' dir='ltr'>aliquis</span> <span class='ocrx_word' id='word_1_168' title='bbox 762 1345 911 1417; x_wconf 82' lang='lat' dir='ltr'>serbispo-</span> <span class='ocrx_word' id='word_1_169' title='bbox 998 1344 1118 1399; x_wconf 88' lang='lat' dir='ltr'>Ostensa</span> <span class='ocrx_word' id='word_1_170' title='bbox 1131 1346 1457 1419; x_wconf 86' lang='lat' dir='ltr'>quadumcausa,quare</span> <span class='ocrx_word' id='word_1_171' title='bbox 1467 1348 1600 1404; x_wconf 85' lang='lat' dir='ltr'>videatur</span> <span class='ocrx_word' id='word_1_172' title='bbox 1610 1350 1779 1422; x_wconf 88' lang='lat' dir='ltr'>derelictus,</span> 
     </span>
     <span class='ocr_line' id='line_1_13' title="bbox 102 1433 1781 1514; baseline -0.002 -13"><span class='ocrx_word' id='word_1_173' title='bbox 102 1448 206 1513; x_wconf 85' lang='lat' dir='ltr'>stulat;</span> <span class='ocrx_word' id='word_1_174' title='bbox 224 1445 263 1498; x_wconf 88' lang='lat' dir='ltr'>ita</span> <span class='ocrx_word' id='word_1_175' title='bbox 287 1448 315 1498; x_wconf 93' lang='lat' dir='ltr'>et</span> <span class='ocrx_word' id='word_1_176' title='bbox 332 1441 453 1496; x_wconf 90' lang='lat' dir='ltr'>miseriis</span> <span class='ocrx_word' id='word_1_177' title='bbox 469 1439 640 1494; x_wconf 88' lang='lat' dir='ltr'>delictorum</span> <span class='ocrx_word' id='word_1_178' title='bbox 657 1451 774 1491; x_wconf 89' lang='lat' dir='ltr'>suorum</span> <span class='ocrx_word' id='word_1_179' title='bbox 790 1434 826 1488; x_wconf 87' lang='lat' dir='ltr'>ad</span> <span class='ocrx_word' id='word_1_180' title='bbox 845 1449 911 1486; x_wconf 88' lang='lat' dir='ltr'>eum</span> <span class='ocrx_word' id='word_1_181' title='bbox 962 1433 1093 1504; x_wconf 87' lang='lat' dir='ltr'>adjungit</span> <span class='ocrx_word' id='word_1_182' title='bbox 1113 1434 1200 1488; x_wconf 87' lang='lat' dir='ltr'>aliam</span> <span class='ocrx_word' id='word_1_183' title='bbox 1223 1435 1484 1504; x_wconf 88' lang='lat' dir='ltr'>vehementiorem,</span> <span class='ocrx_word' id='word_1_184' title='bbox 1507 1437 1569 1494; x_wconf 88' lang='lat' dir='ltr'>sie:</span> <span class='ocrx_word' id='word_1_185' title='bbox 1593 1439 1781 1514; x_wconf 80' lang='lat' dir='ltr'>Dereliquisii.</span> 
     </span>
     <span class='ocr_line' id='line_1_14' title="bbox 104 1520 1781 1602; baseline -0.001 -14"><span class='ocrx_word' id='word_1_186' title='bbox 104 1534 281 1598; x_wconf 86' lang='lat' dir='ltr'>clamabant,</span> <span class='ocrx_word' id='word_1_187' title='bbox 298 1531 371 1584; x_wconf 88' lang='lat' dir='ltr'>sicut</span> <span class='ocrx_word' id='word_1_188' title='bbox 384 1530 419 1584; x_wconf 93' lang='lat' dir='ltr'>de</span> <span class='ocrx_word' id='word_1_189' title='bbox 434 1527 574 1600; x_wconf 89' lang='lat' dir='ltr'>sanguine</span> <span class='ocrx_word' id='word_1_190' title='bbox 583 1525 652 1580; x_wconf 84' lang='lat' dir='ltr'>Abel</span> <span class='ocrx_word' id='word_1_191' title='bbox 662 1522 698 1578; x_wconf 88' lang='lat' dir='ltr'>ad</span> <span class='ocrx_word' id='word_1_192' title='bbox 706 1522 775 1577; x_wconf 87' lang='lat' dir='ltr'>Cain</span> <span class='ocrx_word' id='word_1_193' title='bbox 790 1520 913 1576; x_wconf 87' lang='lat' dir='ltr'>aDomi-</span> <span class='ocrx_word' id='word_1_194' title='bbox 962 1523 995 1576; x_wconf 82' lang='lat' dir='ltr'>Et</span> <span class='ocrx_word' id='word_1_195' title='bbox 1007 1538 1072 1576; x_wconf 89' lang='lat' dir='ltr'>vere</span> <span class='ocrx_word' id='word_1_196' title='bbox 1084 1522 1187 1576; x_wconf 85' lang='lat' dir='ltr'>rideris</span> <span class='ocrx_word' id='word_1_197' title='bbox 1198 1523 1394 1594; x_wconf 81' lang='lat' dir='ltr'>dereliquisse,</span> <span class='ocrx_word' id='word_1_198' title='bbox 1411 1542 1428 1579; x_wconf 93' lang='lat' dir='ltr'>o</span> <span class='ocrx_word' id='word_1_199' title='bbox 1446 1530 1485 1591; x_wconf 91' lang='lat' dir='ltr'>tu,</span> <span class='ocrx_word' id='word_1_200' title='bbox 1503 1527 1561 1580; x_wconf 75' lang='lat' dir='ltr'>tutu</span> <span class='ocrx_word' id='word_1_201' title='bbox 1576 1526 1677 1594; x_wconf 83' lang='lat' dir='ltr'>Israel,</span> <span class='ocrx_word' id='word_1_202' title='bbox 1694 1547 1781 1602; x_wconf 86' lang='lat' dir='ltr'>quem</span> 
     </span>
     <span class='ocr_line' id='line_1_15' title="bbox 104 1610 1780 1687; baseline -0.002 -11"><span class='ocrx_word' id='word_1_203' title='bbox 104 1621 260 1676; x_wconf 86' lang='lat' dir='ltr'>aedictum</span> <span class='ocrx_word' id='word_1_204' title='bbox 272 1622 313 1673; x_wconf 87' lang='lat' dir='ltr'>est</span> <span class='ocrx_word' id='word_1_205' title='bbox 326 1636 332 1672; x_wconf 91' lang='lat'>:</span> <span class='ocrx_word' id='word_1_206' title='bbox 346 1642 358 1665; x_wconf 72' lang='grc' dir='ltr'>«ι</span> <span class='ocrx_word' id='word_1_207' title='bbox 373 1620 442 1671; x_wconf 81' lang='lat' dir='ltr'>Eece</span> <span class='ocrx_word' id='word_1_208' title='bbox 457 1634 510 1671; x_wconf 83' lang='lat' dir='ltr'>rex</span> <span class='ocrx_word' id='word_1_209' title='bbox 527 1613 675 1685; x_wconf 87' lang='lat' dir='ltr'>sanguinis</span> <span class='ocrx_word' id='word_1_210' title='bbox 687 1611 784 1665; x_wconf 80' lang='lat' dir='ltr'>fratris</span> <span class='ocrx_word' id='word_1_211' title='bbox 793 1611 834 1664; x_wconf 92' lang='lat' dir='ltr'>tui</span> <span class='ocrx_word' id='word_1_212' title='bbox 843 1610 912 1664; x_wconf 77' lang='lat' dir='ltr'>Abel</span> <span class='ocrx_word' id='word_1_213' title='bbox 962 1611 1151 1664; x_wconf 87' lang='lat' dir='ltr'>laudaverunt</span> <span class='ocrx_word' id='word_1_214' title='bbox 1161 1610 1395 1667; x_wconf 89' lang='lat' dir='ltr'>bonadevotione</span> <span class='ocrx_word' id='word_1_215' title='bbox 1407 1615 1612 1686; x_wconf 88' lang='lat' dir='ltr'>eteperatione</span> <span class='ocrx_word' id='word_1_216' title='bbox 1622 1620 1724 1687; x_wconf 87' lang='lat' dir='ltr'>patres</span> <span class='ocrx_word' id='word_1_217' title='bbox 1731 1637 1780 1674; x_wconf 90' lang='lat' dir='ltr'>an-</span> 
     </span>
     <span class='ocr_line' id='line_1_16' title="bbox 104 1690 1782 1776; baseline -0.001 -12"><span class='ocrx_word' id='word_1_218' title='bbox 104 1712 210 1764; x_wconf 86' lang='lat' dir='ltr'>elamat</span> <span class='ocrx_word' id='word_1_219' title='bbox 224 1709 259 1762; x_wconf 92' lang='lat' dir='ltr'>ad</span> <span class='ocrx_word' id='word_1_220' title='bbox 276 1725 323 1761; x_wconf 88' lang='lat' dir='ltr'>me</span> <span class='ocrx_word' id='word_1_221' title='bbox 338 1690 403 1776; x_wconf 82' lang='grc'>62</span> <span class='ocrx_word' id='word_1_222' title='bbox 419 1706 454 1759; x_wconf 90' lang='lat' dir='ltr'>de</span> <span class='ocrx_word' id='word_1_223' title='bbox 467 1709 545 1758; x_wconf 87' lang='lat' dir='ltr'>terra</span> <span class='ocrx_word' id='word_1_224' title='bbox 561 1701 641 1773; x_wconf 81' lang='lat' dir='ltr'>(Ger.</span> <span class='ocrx_word' id='word_1_225' title='bbox 668 1718 704 1766; x_wconf 83' lang='lat' dir='ltr'>vv,</span> <span class='ocrx_word' id='word_1_226' title='bbox 728 1699 780 1769; x_wconf 82' lang='lat' dir='ltr'>to).</span> <span class='ocrx_word' id='word_1_227' title='bbox 799 1720 812 1746; x_wconf 88' lang='lat'>»</span> <span class='ocrx_word' id='word_1_228' title='bbox 828 1698 912 1761; x_wconf 85' lang='lat' dir='ltr'>Quasi</span> <span class='ocrx_word' id='word_1_229' title='bbox 964 1697 1078 1768; x_wconf 89' lang='lat' dir='ltr'>tiquide</span> <span class='ocrx_word' id='word_1_230' title='bbox 1086 1715 1191 1770; x_wconf 88' lang='lat' dir='ltr'>genere</span> <span class='ocrx_word' id='word_1_231' title='bbox 1203 1700 1299 1753; x_wconf 87' lang='lat' dir='ltr'>lsrael.</span> <span class='ocrx_word' id='word_1_232' title='bbox 1311 1700 1359 1754; x_wconf 91' lang='lat' dir='ltr'>Vel</span> <span class='ocrx_word' id='word_1_233' title='bbox 1370 1700 1419 1772; x_wconf 91' lang='lat' dir='ltr'>qui</span> <span class='ocrx_word' id='word_1_234' title='bbox 1433 1702 1546 1757; x_wconf 85' lang='lat' dir='ltr'>tuturus</span> <span class='ocrx_word' id='word_1_235' title='bbox 1559 1720 1590 1757; x_wconf 90' lang='lat' dir='ltr'>es</span> <span class='ocrx_word' id='word_1_236' title='bbox 1601 1720 1712 1774; x_wconf 85' lang='lat' dir='ltr'>perine</span> <span class='ocrx_word' id='word_1_237' title='bbox 1722 1709 1782 1763; x_wconf 88' lang='lat' dir='ltr'>laus</span> 
     </span>
     <span class='ocr_line' id='line_1_17' title="bbox 104 1784 1781 1866; baseline -0.001 -15"><span class='ocrx_word' id='word_1_238' title='bbox 104 1798 196 1852; x_wconf 84' lang='lat' dir='ltr'>dieat:</span> <span class='ocrx_word' id='word_1_239' title='bbox 210 1795 559 1851; x_wconf 87' lang='lat' dir='ltr'>Postulatiouesmeorum</span> <span class='ocrx_word' id='word_1_240' title='bbox 572 1807 624 1860; x_wconf 89' lang='lat' dir='ltr'>pro</span> <span class='ocrx_word' id='word_1_241' title='bbox 634 1788 782 1843; x_wconf 88' lang='lat' dir='ltr'>ablutione</span> <span class='ocrx_word' id='word_1_242' title='bbox 795 1784 950 1844; x_wconf 89' lang='lat' dir='ltr'>delicto-B</span> <span class='ocrx_word' id='word_1_243' title='bbox 965 1801 1098 1840; x_wconf 89' lang='lat' dir='ltr'>meorum</span> <span class='ocrx_word' id='word_1_244' title='bbox 1109 1787 1373 1855; x_wconf 85' lang='lat' dir='ltr'>lsraelluturorum,</span> <span class='ocrx_word' id='word_1_245' title='bbox 1382 1789 1410 1843; x_wconf 92' lang='lat' dir='ltr'>id</span> <span class='ocrx_word' id='word_1_246' title='bbox 1421 1791 1781 1866; x_wconf 87' lang='lat' dir='ltr'>est‚teincontemplatio·</span> 
     </span>
    </p>
   </div>
   <div class='ocr_carea' id='block_1_3' title="bbox 103 1874 919 2662">
    <p class='ocr_par' dir='ltr' id='par_1_4' title="bbox 103 1874 919 2662">
     <span class='ocr_line' id='line_1_18' title="bbox 103 1874 913 1951; baseline -0.017 -11"><span class='ocrx_word' id='word_1_247' title='bbox 103 1903 169 1940; x_wconf 90' lang='lat' dir='ltr'>rum</span> <span class='ocrx_word' id='word_1_248' title='bbox 183 1901 312 1948; x_wconf 85' lang='lat' dir='ltr'>suerum,</span> <span class='ocrx_word' id='word_1_249' title='bbox 321 1886 387 1936; x_wconf 90' lang='lat' dir='ltr'>sunt</span> <span class='ocrx_word' id='word_1_250' title='bbox 398 1897 482 1935; x_wconf 88' lang='lat' dir='ltr'>eausa</span> <span class='ocrx_word' id='word_1_251' title='bbox 493 1895 581 1951; x_wconf 88' lang='lat' dir='ltr'>quare</span> <span class='ocrx_word' id='word_1_252' title='bbox 595 1895 612 1931; x_wconf 92' lang='lat' dir='ltr'>a</span> <span class='ocrx_word' id='word_1_253' title='bbox 628 1881 655 1931; x_wconf 89' lang='lat' dir='ltr'>te</span> <span class='ocrx_word' id='word_1_254' title='bbox 669 1876 707 1930; x_wconf 91' lang='lat' dir='ltr'>sie</span> <span class='ocrx_word' id='word_1_255' title='bbox 719 1874 913 1945; x_wconf 89' lang='lat' dir='ltr'>derelinquar.</span> 
     </span>
     <span class='ocr_line' id='line_1_19' title="bbox 104 1961 917 2045; baseline -0.015 -19"><span class='ocrx_word' id='word_1_256' title='bbox 104 1974 151 2027; x_wconf 88' lang='lat' dir='ltr'>Vel</span> <span class='ocrx_word' id='word_1_257' title='bbox 170 1976 265 2045; x_wconf 88' lang='lat' dir='ltr'>potest</span> <span class='ocrx_word' id='word_1_258' title='bbox 280 1988 339 2025; x_wconf 84' lang='lat' dir='ltr'>esse</span> <span class='ocrx_word' id='word_1_259' title='bbox 351 1969 474 2024; x_wconf 89' lang='lat' dir='ltr'>remotio</span> <span class='ocrx_word' id='word_1_260' title='bbox 490 1968 540 2021; x_wconf 90' lang='lat' dir='ltr'>sub</span> <span class='ocrx_word' id='word_1_261' title='bbox 557 1964 794 2036; x_wconf 84' lang='lat' dir='ltr'>interrogatione,</span> <span class='ocrx_word' id='word_1_262' title='bbox 810 1961 917 2016; x_wconf 83' lang='lat' dir='ltr'>sie:lli-</span> 
     </span>
     <span class='ocr_line' id='line_1_20' title="bbox 103 2052 917 2132; baseline -0.018 -16"><span class='ocrx_word' id='word_1_263' title='bbox 103 2079 148 2125; x_wconf 90' lang='lat' dir='ltr'>ee,</span> <span class='ocrx_word' id='word_1_264' title='bbox 172 2079 255 2132; x_wconf 86' lang='lat' dir='ltr'>quere</span> <span class='ocrx_word' id='word_1_265' title='bbox 267 2078 307 2113; x_wconf 85' lang='lat' dir='ltr'>me</span> <span class='ocrx_word' id='word_1_266' title='bbox 320 2059 502 2128; x_wconf 72' lang='lat' dir='ltr'>dereliquisti?</span> <span class='ocrx_word' id='word_1_267' title='bbox 518 2057 559 2109; x_wconf 85' lang='grc' dir='ltr'>Αιι</span> <span class='ocrx_word' id='word_1_268' title='bbox 579 2054 657 2108; x_wconf 80' lang='lat' dir='ltr'>cerdo</span> <span class='ocrx_word' id='word_1_269' title='bbox 674 2052 828 2105; x_wconf 80' lang='lat' dir='ltr'>delictorum</span> <span class='ocrx_word' id='word_1_270' title='bbox 847 2067 917 2103; x_wconf 85' lang='lat' dir='ltr'>meo-</span> 
     </span>
     <span class='ocr_line' id='line_1_21' title="bbox 105 2139 917 2218; baseline -0.017 -14"><span class='ocrx_word' id='word_1_271' title='bbox 105 2168 176 2217; x_wconf 86' lang='lat' dir='ltr'>rum,</span> <span class='ocrx_word' id='word_1_272' title='bbox 203 2149 230 2203; x_wconf 91' lang='lat' dir='ltr'>id</span> <span class='ocrx_word' id='word_1_273' title='bbox 253 2152 295 2202; x_wconf 84' lang='lat' dir='ltr'>est</span> <span class='ocrx_word' id='word_1_274' title='bbox 320 2146 473 2218; x_wconf 87' lang='lat' dir='ltr'>petitiones</span> <span class='ocrx_word' id='word_1_275' title='bbox 497 2146 681 2215; x_wconf 87' lang='lat' dir='ltr'>peccaterum</span> <span class='ocrx_word' id='word_1_276' title='bbox 708 2157 772 2211; x_wconf 78' lang='lat' dir='ltr'>quie</span> <span class='ocrx_word' id='word_1_277' title='bbox 799 2139 917 2192; x_wconf 77' lang='lat' dir='ltr'>fecerim</span> 
     </span>
     <span class='ocr_line' id='line_1_22' title="bbox 108 2226 918 2310; baseline -0.017 -17"><span class='ocrx_word' id='word_1_278' title='bbox 108 2242 198 2310; x_wconf 85' lang='lat' dir='ltr'>agunt</span> <span class='ocrx_word' id='word_1_279' title='bbox 212 2238 265 2291; x_wconf 87' lang='lat' dir='ltr'>hoe</span> <span class='ocrx_word' id='word_1_280' title='bbox 282 2238 313 2289; x_wconf 89' lang='lat' dir='ltr'>ut</span> <span class='ocrx_word' id='word_1_281' title='bbox 328 2235 365 2287; x_wconf 86' lang='lat' dir='ltr'>sis</span> <span class='ocrx_word' id='word_1_282' title='bbox 381 2235 458 2301; x_wconf 76' lang='lat' dir='ltr'>leiuqe</span> <span class='ocrx_word' id='word_1_283' title='bbox 472 2232 583 2285; x_wconf 72' lang='lat' dir='ltr'>resolute</span> <span class='ocrx_word' id='word_1_284' title='bbox 597 2247 655 2282; x_wconf 77' lang='lat' dir='ltr'>ineu</span> <span class='ocrx_word' id='word_1_285' title='bbox 666 2227 819 2297; x_wconf 82' lang='lat' dir='ltr'>corporali.</span> <span class='ocrx_word' id='word_1_286' title='bbox 837 2226 918 2289; x_wconf 80' lang='lat' dir='ltr'>Quod</span> 
     </span>
     <span class='ocr_line' id='line_1_23' title="bbox 108 2314 919 2394; baseline -0.016 -14"><span class='ocrx_word' id='word_1_287' title='bbox 108 2331 150 2382; x_wconf 84' lang='lat' dir='ltr'>est</span> <span class='ocrx_word' id='word_1_288' title='bbox 166 2326 260 2379; x_wconf 82' lang='lat' dir='ltr'>dicere</span> <span class='ocrx_word' id='word_1_289' title='bbox 274 2341 279 2376; x_wconf 93' lang='lat'>:</span> <span class='ocrx_word' id='word_1_290' title='bbox 291 2324 433 2394; x_wconf 81' lang='lat' dir='ltr'>Expetuut</span> <span class='ocrx_word' id='word_1_291' title='bbox 443 2319 609 2373; x_wconf 81' lang='lat' dir='ltr'>bordelieta</span> <span class='ocrx_word' id='word_1_292' title='bbox 621 2334 685 2371; x_wconf 89' lang='lat' dir='ltr'>mea</span> <span class='ocrx_word' id='word_1_293' title='bbox 700 2333 736 2369; x_wconf 88' lang='lat' dir='ltr'>ne</span> <span class='ocrx_word' id='word_1_294' title='bbox 752 2333 798 2369; x_wconf 92' lang='lat' dir='ltr'>me</span> <span class='ocrx_word' id='word_1_295' title='bbox 808 2314 919 2368; x_wconf 71' lang='lat' dir='ltr'>salves?</span> 
     </span>
     <span class='ocr_line' id='line_1_24' title="bbox 108 2404 917 2480; baseline -0.016 -12"><span class='ocrx_word' id='word_1_296' title='bbox 108 2416 169 2469; x_wconf 89' lang='lat' dir='ltr'>Non</span> <span class='ocrx_word' id='word_1_297' title='bbox 186 2411 301 2467; x_wconf 77' lang='lat' dir='ltr'>scilieet.</span> <span class='ocrx_word' id='word_1_298' title='bbox 324 2412 357 2463; x_wconf 85' lang='lat' dir='ltr'>Et</span> <span class='ocrx_word' id='word_1_299' title='bbox 373 2408 490 2480; x_wconf 82' lang='lat' dir='ltr'>exponit</span> <span class='ocrx_word' id='word_1_300' title='bbox 511 2407 540 2460; x_wconf 92' lang='lat' dir='ltr'>iu</span> <span class='ocrx_word' id='word_1_301' title='bbox 562 2423 619 2478; x_wconf 88' lang='lat' dir='ltr'>que</span> <span class='ocrx_word' id='word_1_302' title='bbox 638 2405 768 2459; x_wconf 87' lang='lat' dir='ltr'>videatur</span> <span class='ocrx_word' id='word_1_303' title='bbox 792 2421 852 2457; x_wconf 89' lang='lat' dir='ltr'>esse</span> <span class='ocrx_word' id='word_1_304' title='bbox 869 2404 917 2457; x_wconf 89' lang='lat' dir='ltr'>dc-</span> 
     </span>
     <span class='ocr_line' id='line_1_25' title="bbox 108 2492 917 2567; baseline -0.016 -9"><span class='ocrx_word' id='word_1_305' title='bbox 108 2503 235 2567; x_wconf 85' lang='lat' dir='ltr'>relielus,</span> <span class='ocrx_word' id='word_1_306' title='bbox 247 2500 285 2552; x_wconf 85' lang='lat' dir='ltr'>sie</span> <span class='ocrx_word' id='word_1_307' title='bbox 301 2519 306 2554; x_wconf 95' lang='lat'>:</span> <span class='ocrx_word' id='word_1_308' title='bbox 319 2498 398 2565; x_wconf 82' lang='lat' dir='ltr'>llice,</span> <span class='ocrx_word' id='word_1_309' title='bbox 418 2497 596 2567; x_wconf 77' lang='lat' dir='ltr'>dereliquisti.</span> <span class='ocrx_word' id='word_1_310' title='bbox 611 2496 645 2549; x_wconf 84' lang='lat' dir='ltr'>Et</span> <span class='ocrx_word' id='word_1_311' title='bbox 659 2511 722 2548; x_wconf 77' lang='lat' dir='ltr'>rere</span> <span class='ocrx_word' id='word_1_312' title='bbox 735 2493 808 2547; x_wconf 87' lang='lat' dir='ltr'>visus</span> <span class='ocrx_word' id='word_1_313' title='bbox 824 2510 854 2546; x_wconf 91' lang='lat' dir='ltr'>es</span> <span class='ocrx_word' id='word_1_314' title='bbox 869 2492 917 2545; x_wconf 89' lang='lat' dir='ltr'>de·</span> 
     </span>
     <span class='ocr_line' id='line_1_26' title="bbox 109 2579 917 2662; baseline -0.017 -16"><span class='ocrx_word' id='word_1_315' title='bbox 109 2590 265 2662; x_wconf 85' lang='lat' dir='ltr'>reliquisse,</span> <span class='ocrx_word' id='word_1_316' title='bbox 282 2589 385 2642; x_wconf 87' lang='lat' dir='ltr'>olteus</span> <span class='ocrx_word' id='word_1_317' title='bbox 403 2602 493 2650; x_wconf 90' lang='lat' dir='ltr'>meus,</span> <span class='ocrx_word' id='word_1_318' title='bbox 510 2583 680 2656; x_wconf 81' lang='lat' dir='ltr'>specialiter.</span> <span class='ocrx_word' id='word_1_319' title='bbox 698 2582 770 2636; x_wconf 77' lang='lat' dir='ltr'>Nam</span> <span class='ocrx_word' id='word_1_320' title='bbox 792 2598 847 2651; x_wconf 82' lang='lat' dir='ltr'>ego</span> <span class='ocrx_word' id='word_1_321' title='bbox 863 2579 917 2634; x_wconf 85' lang='lat' dir='ltr'>elu-</span> 
     </span>
    </p>
   </div>
   <div class='ocr_carea' id='block_1_4' title="bbox 5 2667 919 2745">
    <p class='ocr_par' dir='ltr' id='par_1_5' title="bbox 5 2667 919 2745">
     <span class='ocr_line' id='line_1_27' title="bbox 5 2667 919 2745; baseline -0.019 -8"><span class='ocrx_word' id='word_1_322' title='bbox 5 2730 8 2744; x_wconf 84' lang='grc'><strong>,</strong></span> <span class='ocrx_word' id='word_1_323' title='bbox 107 2681 194 2745; x_wconf 75' lang='lat' dir='ltr'>sueto,</span> <span class='ocrx_word' id='word_1_324' title='bbox 209 2678 237 2731; x_wconf 91' lang='lat' dir='ltr'>id</span> <span class='ocrx_word' id='word_1_325' title='bbox 253 2680 295 2731; x_wconf 89' lang='lat' dir='ltr'>est</span> <span class='ocrx_word' id='word_1_326' title='bbox 311 2675 429 2729; x_wconf 88' lang='lat' dir='ltr'>videbor</span> <span class='ocrx_word' id='word_1_327' title='bbox 444 2672 577 2728; x_wconf 82' lang='lat' dir='ltr'>atudaeis</span> <span class='ocrx_word' id='word_1_328' title='bbox 592 2672 718 2724; x_wconf 81' lang='lat' dir='ltr'>clamare</span> <span class='ocrx_word' id='word_1_329' title='bbox 735 2669 840 2723; x_wconf 88' lang='lat' dir='ltr'>mentis</span> <span class='ocrx_word' id='word_1_330' title='bbox 853 2667 919 2721; x_wconf 88' lang='lat' dir='ltr'>alle-</span> 
     </span>
    </p>
   </div>
   <div class='ocr_carea' id='block_1_5' title="bbox 108 2756 917 2837">
    <p class='ocr_par' dir='ltr' id='par_1_6' title="bbox 108 2756 917 2837">
     <span class='ocr_line' id='line_1_28' title="bbox 108 2756 917 2837; baseline -0.017 -15"><span class='ocrx_word' id='word_1_331' title='bbox 108 2768 213 2833; x_wconf 88' lang='lat' dir='ltr'>ctione,</span> <span class='ocrx_word' id='word_1_332' title='bbox 231 2782 282 2837; x_wconf 91' lang='lat' dir='ltr'>per</span> <span class='ocrx_word' id='word_1_333' title='bbox 296 2763 372 2817; x_wconf 90' lang='lat' dir='ltr'>diem</span> <span class='ocrx_word' id='word_1_334' title='bbox 388 2766 483 2816; x_wconf 91' lang='lat' dir='ltr'>totum</span> <span class='ocrx_word' id='word_1_335' title='bbox 499 2759 640 2833; x_wconf 89' lang='lat' dir='ltr'>passionis</span> <span class='ocrx_word' id='word_1_336' title='bbox 655 2775 728 2813; x_wconf 76' lang='lat' dir='ltr'>mere</span> <span class='ocrx_word' id='word_1_337' title='bbox 741 2760 771 2811; x_wconf 91' lang='lat' dir='ltr'>ut</span> <span class='ocrx_word' id='word_1_338' title='bbox 786 2756 917 2811; x_wconf 85' lang='lat' dir='ltr'>evadam.</span> 
     </span>
    </p>
   </div>
   <div class='ocr_carea' id='block_1_6' title="bbox 966 1872 1784 2835">
    <p class='ocr_par' dir='ltr' id='par_1_7' title="bbox 966 1872 1784 2835">
     <span class='ocr_line' id='line_1_29' title="bbox 966 1872 1781 1951; baseline 0.012 -24"><span class='ocrx_word' id='word_1_339' title='bbox 966 1889 1002 1927; x_wconf 89' lang='lat' dir='ltr'>ne</span> <span class='ocrx_word' id='word_1_340' title='bbox 1018 1872 1187 1928; x_wconf 84' lang='lat' dir='ltr'>visurorum.</span> <span class='ocrx_word' id='word_1_341' title='bbox 1202 1875 1274 1929; x_wconf 76' lang='lat' dir='ltr'>Nam</span> <span class='ocrx_word' id='word_1_342' title='bbox 1291 1877 1319 1929; x_wconf 87' lang='lat' dir='ltr'>iu</span> <span class='ocrx_word' id='word_1_343' title='bbox 1339 1883 1364 1929; x_wconf 89' lang='lat' dir='ltr'>te</span> <span class='ocrx_word' id='word_1_344' title='bbox 1381 1886 1554 1947; x_wconf 76' lang='lat' dir='ltr'>speraverim!</span> <span class='ocrx_word' id='word_1_345' title='bbox 1570 1888 1668 1950; x_wconf 85' lang='lat' dir='ltr'>putres</span> <span class='ocrx_word' id='word_1_346' title='bbox 1684 1887 1781 1951; x_wconf 82' lang='lat' dir='ltr'>nostri,</span> 
     </span>
     <span class='ocr_line' id='line_1_30' title="bbox 967 1960 1782 2039; baseline 0.016 -25"><span class='ocrx_word' id='word_1_347' title='bbox 967 1960 1782 2039; x_wconf 81' lang='lat' dir='ltr'>quiminusdigniquamegoluerunt.Dieo,spereeeruut;</span> 
     </span>
     <span class='ocr_line' id='line_1_31' title="bbox 967 2050 1783 2115; baseline 0.015 -12"><span class='ocrx_word' id='word_1_348' title='bbox 967 2053 996 2104; x_wconf 90' lang='lat' dir='ltr'>et</span> <span class='ocrx_word' id='word_1_349' title='bbox 1008 2050 1072 2104; x_wconf 92' lang='lat' dir='ltr'>ideo</span> <span class='ocrx_word' id='word_1_350' title='bbox 1082 2050 1203 2104; x_wconf 80' lang='lat' dir='ltr'>liberasti</span> <span class='ocrx_word' id='word_1_351' title='bbox 1214 2067 1255 2104; x_wconf 88' lang='lat' dir='ltr'>ees</span> <span class='ocrx_word' id='word_1_352' title='bbox 1269 2068 1286 2104; x_wconf 91' lang='lat' dir='ltr'>a</span> <span class='ocrx_word' id='word_1_353' title='bbox 1302 2053 1545 2109; x_wconf 85' lang='lat' dir='ltr'>tribulationibus.</span> <span class='ocrx_word' id='word_1_354' title='bbox 1554 2057 1589 2109; x_wconf 86' lang='lat' dir='ltr'>Et</span> <span class='ocrx_word' id='word_1_355' title='bbox 1601 2074 1662 2112; x_wconf 91' lang='lat' dir='ltr'>non</span> <span class='ocrx_word' id='word_1_356' title='bbox 1676 2061 1783 2115; x_wconf 88' lang='lat' dir='ltr'>solum·</span> 
     </span>
     <span class='ocr_line' id='line_1_32' title="bbox 967 2139 1783 2209; baseline 0.01 -16"><span class='ocrx_word' id='word_1_357' title='bbox 967 2139 1055 2193; x_wconf 89' lang='lat' dir='ltr'>medo</span> <span class='ocrx_word' id='word_1_358' title='bbox 1076 2148 1258 2209; x_wconf 75' lang='lat' dir='ltr'>speraverunt,</span> <span class='ocrx_word' id='word_1_359' title='bbox 1275 2140 1324 2193; x_wconf 90' lang='lat' dir='ltr'>sed</span> <span class='ocrx_word' id='word_1_360' title='bbox 1340 2158 1373 2193; x_wconf 81' lang='lat' dir='ltr'>ex</span> <span class='ocrx_word' id='word_1_361' title='bbox 1389 2158 1439 2195; x_wconf 90' lang='lat' dir='ltr'>ore</span> <span class='ocrx_word' id='word_1_362' title='bbox 1454 2142 1490 2195; x_wconf 87' lang='lat' dir='ltr'>ud</span> <span class='ocrx_word' id='word_1_363' title='bbox 1510 2150 1535 2196; x_wconf 84' lang='lat' dir='ltr'>te</span> <span class='ocrx_word' id='word_1_364' title='bbox 1545 2143 1737 2201; x_wconf 83' lang='lat' dir='ltr'>clamaverunt</span> <span class='ocrx_word' id='word_1_365' title='bbox 1759 2158 1783 2203; x_wconf 87' lang='lat' dir='ltr'>et</span> 
     </span>
     <span class='ocr_line' id='line_1_33' title="bbox 967 2227 1784 2306; baseline 0.015 -26"><span class='ocrx_word' id='word_1_366' title='bbox 967 2227 1036 2280; x_wconf 83' lang='lat' dir='ltr'>selei</span> <span class='ocrx_word' id='word_1_367' title='bbox 1047 2228 1117 2297; x_wconf 76' lang='lat' dir='ltr'>sorti</span> <span class='ocrx_word' id='word_1_368' title='bbox 1130 2235 1201 2280; x_wconf 77' lang='lat' dir='ltr'>sum.</span> <span class='ocrx_word' id='word_1_369' title='bbox 1220 2228 1253 2281; x_wconf 79' lang='lat' dir='ltr'>at</span> <span class='ocrx_word' id='word_1_370' title='bbox 1268 2228 1321 2282; x_wconf 90' lang='lat' dir='ltr'>boc</span> <span class='ocrx_word' id='word_1_371' title='bbox 1333 2228 1401 2283; x_wconf 92' lang='lat' dir='ltr'>illud</span> <span class='ocrx_word' id='word_1_372' title='bbox 1413 2230 1489 2284; x_wconf 84' lang='lat' dir='ltr'>idem</span> <span class='ocrx_word' id='word_1_373' title='bbox 1504 2234 1637 2303; x_wconf 88' lang='lat' dir='ltr'>estquod</span> <span class='ocrx_word' id='word_1_374' title='bbox 1650 2238 1784 2306; x_wconf 86' lang='lat' dir='ltr'>superius</span> 
     </span>
     <span class='ocr_line' id='line_1_34' title="bbox 969 2315 1782 2396; baseline 0.014 -28"><span class='ocrx_word' id='word_1_375' title='bbox 969 2317 1076 2387; x_wconf 90' lang='lat' dir='ltr'>posuit:</span> <span class='ocrx_word' id='word_1_376' title='bbox 1087 2315 1220 2370; x_wconf 77' lang='lat' dir='ltr'>Liberaui</span> <span class='ocrx_word' id='word_1_377' title='bbox 1233 2333 1294 2378; x_wconf 70' lang='lat' dir='ltr'>ees:</span> <span class='ocrx_word' id='word_1_378' title='bbox 1310 2317 1360 2370; x_wconf 88' lang='lat' dir='ltr'>sed</span> <span class='ocrx_word' id='word_1_379' title='bbox 1375 2318 1412 2371; x_wconf 90' lang='lat' dir='ltr'>ob</span> <span class='ocrx_word' id='word_1_380' title='bbox 1426 2318 1513 2373; x_wconf 87' lang='lat' dir='ltr'>aliam</span> <span class='ocrx_word' id='word_1_381' title='bbox 1526 2336 1647 2375; x_wconf 87' lang='lat' dir='ltr'>eausam</span> <span class='ocrx_word' id='word_1_382' title='bbox 1665 2326 1782 2396; x_wconf 87' lang='lat' dir='ltr'>repetit,</span> 
     </span>
     <span class='ocr_line' id='line_1_35' title="bbox 967 2403 1784 2475; baseline 0.015 -19"><span class='ocrx_word' id='word_1_383' title='bbox 967 2403 1074 2457; x_wconf 85' lang='lat' dir='ltr'>scilicet</span> <span class='ocrx_word' id='word_1_384' title='bbox 1088 2406 1154 2475; x_wconf 88' lang='lat' dir='ltr'>quia</span> <span class='ocrx_word' id='word_1_385' title='bbox 1170 2405 1298 2459; x_wconf 83' lang='lat' dir='ltr'>dixerat:</span> <span class='ocrx_word' id='word_1_386' title='bbox 1311 2405 1359 2458; x_wconf 80' lang='lat' dir='ltr'>Ad</span> <span class='ocrx_word' id='word_1_387' title='bbox 1374 2412 1399 2458; x_wconf 84' lang='lat' dir='ltr'>te</span> <span class='ocrx_word' id='word_1_388' title='bbox 1410 2405 1603 2462; x_wconf 63' lang='lat' dir='ltr'>ebrriuueruut.</span> <span class='ocrx_word' id='word_1_389' title='bbox 1623 2410 1660 2464; x_wconf 89' lang='lat' dir='ltr'>Et</span> <span class='ocrx_word' id='word_1_390' title='bbox 1673 2429 1784 2467; x_wconf 75' lang='lat' dir='ltr'>nense</span> 
     </span>
     <span class='ocr_line' id='line_1_36' title="bbox 968 2494 1781 2568; baseline 0.01 -21"><span class='ocrx_word' id='word_1_391' title='bbox 968 2494 1118 2548; x_wconf 91' lang='lat' dir='ltr'>lummedo</span> <span class='ocrx_word' id='word_1_392' title='bbox 1133 2495 1202 2548; x_wconf 86' lang='lat' dir='ltr'>sotei</span> <span class='ocrx_word' id='word_1_393' title='bbox 1219 2495 1289 2564; x_wconf 76' lang='lat' dir='ltr'>secti</span> <span class='ocrx_word' id='word_1_394' title='bbox 1310 2502 1382 2554; x_wconf 83' lang='lat' dir='ltr'>sunt.</span> <span class='ocrx_word' id='word_1_395' title='bbox 1399 2496 1449 2550; x_wconf 89' lang='lat' dir='ltr'>sed</span> <span class='ocrx_word' id='word_1_396' title='bbox 1465 2501 1493 2551; x_wconf 85' lang='lat' dir='ltr'>in</span> <span class='ocrx_word' id='word_1_397' title='bbox 1509 2504 1534 2552; x_wconf 86' lang='lat' dir='ltr'>te</span> <span class='ocrx_word' id='word_1_398' title='bbox 1544 2509 1735 2568; x_wconf 81' lang='lat' dir='ltr'>speraverunt,</span> <span class='ocrx_word' id='word_1_399' title='bbox 1757 2509 1781 2557; x_wconf 82' lang='lat' dir='ltr'>et</span> 
     </span>
     <span class='ocr_line' id='line_1_37' title="bbox 967 2583 1782 2656; baseline 0.013 -22"><span class='ocrx_word' id='word_1_400' title='bbox 967 2598 1021 2635; x_wconf 84' lang='lat' dir='ltr'>uon</span> <span class='ocrx_word' id='word_1_401' title='bbox 1039 2589 1102 2635; x_wconf 81' lang='lat' dir='ltr'>sunt</span> <span class='ocrx_word' id='word_1_402' title='bbox 1114 2583 1232 2651; x_wconf 77' lang='lat' dir='ltr'>confusi,</span> <span class='ocrx_word' id='word_1_403' title='bbox 1243 2584 1271 2638; x_wconf 92' lang='lat' dir='ltr'>id</span> <span class='ocrx_word' id='word_1_404' title='bbox 1285 2587 1327 2637; x_wconf 90' lang='lat' dir='ltr'>est</span> <span class='ocrx_word' id='word_1_405' title='bbox 1337 2586 1463 2654; x_wconf 89' lang='lat' dir='ltr'>superati</span> <span class='ocrx_word' id='word_1_406' title='bbox 1479 2586 1515 2641; x_wconf 88' lang='lat' dir='ltr'>ab</span> <span class='ocrx_word' id='word_1_407' title='bbox 1529 2585 1673 2656; x_wconf 85' lang='lat' dir='ltr'>hostibus,</span> <span class='ocrx_word' id='word_1_408' title='bbox 1684 2590 1737 2645; x_wconf 90' lang='lat' dir='ltr'>sed</span> <span class='ocrx_word' id='word_1_409' title='bbox 1744 2590 1782 2645; x_wconf 89' lang='lat' dir='ltr'>vi·</span> 
     </span>
     <span class='ocr_line' id='line_1_38' title="bbox 968 2671 1781 2748; baseline 0.014 -25"><span class='ocrx_word' id='word_1_410' title='bbox 968 2673 1061 2724; x_wconf 87' lang='lat' dir='ltr'>etores</span> <span class='ocrx_word' id='word_1_411' title='bbox 1071 2671 1188 2725; x_wconf 88' lang='lat' dir='ltr'>luerunt</span> <span class='ocrx_word' id='word_1_412' title='bbox 1203 2676 1233 2726; x_wconf 91' lang='lat' dir='ltr'>ut</span> <span class='ocrx_word' id='word_1_413' title='bbox 1249 2672 1300 2726; x_wconf 94' lang='lat' dir='ltr'>lllii</span> <span class='ocrx_word' id='word_1_414' title='bbox 1311 2674 1395 2728; x_wconf 87' lang='lat' dir='ltr'>lsrael</span> <span class='ocrx_word' id='word_1_415' title='bbox 1407 2675 1459 2728; x_wconf 88' lang='lat' dir='ltr'>sub</span> <span class='ocrx_word' id='word_1_416' title='bbox 1467 2675 1571 2746; x_wconf 87' lang='lat' dir='ltr'>lleyse.</span> <span class='ocrx_word' id='word_1_417' title='bbox 1580 2676 1632 2732; x_wconf 87' lang='lat' dir='ltr'>llic</span> <span class='ocrx_word' id='word_1_418' title='bbox 1643 2694 1697 2748; x_wconf 88' lang='lat' dir='ltr'>per</span> <span class='ocrx_word' id='word_1_419' title='bbox 1708 2679 1781 2735; x_wconf 71' lang='lat' dir='ltr'>litte</span> 
     </span>
     <span class='ocr_line' id='line_1_39' title="bbox 968 2757 1781 2835; baseline 0.014 -23"><span class='ocrx_word' id='word_1_420' title='bbox 968 2774 1031 2812; x_wconf 88' lang='lat' dir='ltr'>ram</span> <span class='ocrx_word' id='word_1_421' title='bbox 1047 2757 1142 2813; x_wconf 87' lang='lat' dir='ltr'>minus</span> <span class='ocrx_word' id='word_1_422' title='bbox 1155 2759 1269 2823; x_wconf 87' lang='lat' dir='ltr'>dieitur,</span> <span class='ocrx_word' id='word_1_423' title='bbox 1286 2765 1313 2816; x_wconf 92' lang='lat' dir='ltr'>et</span> <span class='ocrx_word' id='word_1_424' title='bbox 1325 2762 1417 2831; x_wconf 82' lang='lat' dir='ltr'>magis</span> <span class='ocrx_word' id='word_1_425' title='bbox 1430 2763 1611 2835; x_wconf 80' lang='lat' dir='ltr'>intelligitur.</span> <span class='ocrx_word' id='word_1_426' title='bbox 1631 2765 1706 2822; x_wconf 84' lang='lat' dir='ltr'>Nam</span> <span class='ocrx_word' id='word_1_427' title='bbox 1716 2784 1781 2823; x_wconf 87' lang='lat' dir='ltr'>eum</span> 
     </span>
    </p>
   </div>
   <div class='ocr_carea' id='block_1_7' title="bbox 29 2845 1784 5661">
    <p class='ocr_par' dir='ltr' id='par_1_8' title="bbox 29 2845 1784 5661">
     <span class='ocr_line' id='line_1_40' title="bbox 107 2845 1783 2924; baseline 0.001 -14"><span class='ocrx_word' id='word_1_428' title='bbox 107 2856 145 2910; x_wconf 78' lang='lat' dir='ltr'>Ei</span> <span class='ocrx_word' id='word_1_429' title='bbox 156 2873 210 2910; x_wconf 82' lang='lat' dir='ltr'>eon</span> <span class='ocrx_word' id='word_1_430' title='bbox 224 2853 360 2919; x_wconf 72' lang='lat' dir='ltr'>exaudies,</span> <span class='ocrx_word' id='word_1_431' title='bbox 377 2851 405 2905; x_wconf 92' lang='lat' dir='ltr'>id</span> <span class='ocrx_word' id='word_1_432' title='bbox 421 2854 464 2904; x_wconf 88' lang='lat' dir='ltr'>est</span> <span class='ocrx_word' id='word_1_433' title='bbox 477 2848 617 2905; x_wconf 86' lang='lat' dir='ltr'>videberis</span> <span class='ocrx_word' id='word_1_434' title='bbox 631 2865 678 2902; x_wconf 91' lang='lat' dir='ltr'>me</span> <span class='ocrx_word' id='word_1_435' title='bbox 692 2864 750 2901; x_wconf 90' lang='lat' dir='ltr'>nou</span> <span class='ocrx_word' id='word_1_436' title='bbox 764 2845 898 2900; x_wconf 84' lang='lat' dir='ltr'>exaudire</span> <span class='ocrx_word' id='word_1_437' title='bbox 910 2861 917 2912; x_wconf 73' lang='grc' dir='ltr'><strong>ς</strong></span> <span class='ocrx_word' id='word_1_438' title='bbox 968 2845 1047 2915; x_wconf 89' lang='lat' dir='ltr'>dicit,</span> <span class='ocrx_word' id='word_1_439' title='bbox 1059 2854 1179 2900; x_wconf 78' lang='lat' dir='ltr'>nonstrnt</span> <span class='ocrx_word' id='word_1_440' title='bbox 1194 2849 1309 2917; x_wconf 77' lang='lat' dir='ltr'>confusi,</span> <span class='ocrx_word' id='word_1_441' title='bbox 1319 2849 1575 2924; x_wconf 83' lang='lat' dir='ltr'>intelligiturquod</span> <span class='ocrx_word' id='word_1_442' title='bbox 1590 2854 1718 2910; x_wconf 86' lang='lat' dir='ltr'>victores</span> <span class='ocrx_word' id='word_1_443' title='bbox 1725 2857 1783 2912; x_wconf 83' lang='lat' dir='ltr'>lue·</span> 
     </span>
     <span class='ocr_line' id='line_1_41' title="bbox 107 2933 1782 3011; baseline 0.002 -12"><span class='ocrx_word' id='word_1_444' title='bbox 107 2946 257 3001; x_wconf 86' lang='lat' dir='ltr'>velrevera</span> <span class='ocrx_word' id='word_1_445' title='bbox 268 2941 401 2996; x_wconf 83' lang='lat' dir='ltr'>elamabo</span> <span class='ocrx_word' id='word_1_446' title='bbox 418 2943 447 2994; x_wconf 87' lang='lat' dir='ltr'>et</span> <span class='ocrx_word' id='word_1_447' title='bbox 463 2956 531 2994; x_wconf 84' lang='lat' dir='ltr'>voce</span> <span class='ocrx_word' id='word_1_448' title='bbox 547 2941 576 2992; x_wconf 90' lang='lat' dir='ltr'>et</span> <span class='ocrx_word' id='word_1_449' title='bbox 591 2937 754 3001; x_wconf 84' lang='lat' dir='ltr'>allectione,</span> <span class='ocrx_word' id='word_1_450' title='bbox 764 2933 918 3000; x_wconf 89' lang='lat' dir='ltr'>utliberer,</span> <span class='ocrx_word' id='word_1_451' title='bbox 968 2937 1046 2989; x_wconf 89' lang='lat' dir='ltr'>runt.</span> <span class='ocrx_word' id='word_1_452' title='bbox 1063 2935 1130 2990; x_wconf 88' lang='lat' dir='ltr'>Dice</span> <span class='ocrx_word' id='word_1_453' title='bbox 1145 2937 1223 3008; x_wconf 91' lang='lat' dir='ltr'>quod</span> <span class='ocrx_word' id='word_1_454' title='bbox 1234 2936 1273 2991; x_wconf 93' lang='lat' dir='ltr'>illi</span> <span class='ocrx_word' id='word_1_455' title='bbox 1288 2938 1356 2991; x_wconf 85' lang='lat' dir='ltr'>solui</span> <span class='ocrx_word' id='word_1_456' title='bbox 1364 2939 1435 3008; x_wconf 79' lang='lat' dir='ltr'>secti</span> <span class='ocrx_word' id='word_1_457' title='bbox 1447 2949 1519 2994; x_wconf 83' lang='lat' dir='ltr'>suut.</span> <span class='ocrx_word' id='word_1_458' title='bbox 1535 2940 1596 3011; x_wconf 84' lang='lat' dir='ltr'>qu</span> <span class='ocrx_word' id='word_1_459' title='bbox 1610 2946 1782 3002; x_wconf 85' lang='lat' dir='ltr'>autemadee</span> 
     </span>
     <span class='ocr_line' id='line_1_42' title="bbox 108 3021 1782 3097; baseline 0.002 -10"><span class='ocrx_word' id='word_1_460' title='bbox 108 3034 211 3088; x_wconf 90' lang='lat' dir='ltr'>nolens</span> <span class='ocrx_word' id='word_1_461' title='bbox 224 3034 324 3084; x_wconf 89' lang='lat' dir='ltr'>tamen</span> <span class='ocrx_word' id='word_1_462' title='bbox 339 3027 482 3095; x_wconf 79' lang='lat' dir='ltr'>eraudiri3</span> <span class='ocrx_word' id='word_1_463' title='bbox 497 3027 547 3082; x_wconf 88' lang='lat' dir='ltr'>sed</span> <span class='ocrx_word' id='word_1_464' title='bbox 560 3026 596 3080; x_wconf 94' lang='lat' dir='ltr'>ad</span> <span class='ocrx_word' id='word_1_465' title='bbox 610 3022 856 3079; x_wconf 79' lang='lat' dir='ltr'>confortationem</span> <span class='ocrx_word' id='word_1_466' title='bbox 870 3021 918 3075; x_wconf 92' lang='lat' dir='ltr'>de·</span> <span class='ocrx_word' id='word_1_467' title='bbox 965 3023 1069 3094; x_wconf 82' lang='lat' dir='ltr'>justus,</span> <span class='ocrx_word' id='word_1_468' title='bbox 1084 3040 1143 3076; x_wconf 79' lang='lat' dir='ltr'>suin</span> <span class='ocrx_word' id='word_1_469' title='bbox 1158 3025 1255 3078; x_wconf 77' lang='lat' dir='ltr'>venais</span> <span class='ocrx_word' id='word_1_470' title='bbox 1271 3031 1296 3077; x_wconf 85' lang='lat' dir='ltr'>et</span> <span class='ocrx_word' id='word_1_471' title='bbox 1314 3042 1367 3078; x_wconf 84' lang='lat' dir='ltr'>uon</span> <span class='ocrx_word' id='word_1_472' title='bbox 1382 3027 1469 3095; x_wconf 80' lang='lat' dir='ltr'>ieme,</span> <span class='ocrx_word' id='word_1_473' title='bbox 1485 3028 1514 3083; x_wconf 93' lang='lat' dir='ltr'>id</span> <span class='ocrx_word' id='word_1_474' title='bbox 1527 3033 1580 3097; x_wconf 89' lang='lat' dir='ltr'>est,</span> <span class='ocrx_word' id='word_1_475' title='bbox 1592 3031 1696 3088; x_wconf 89' lang='lat' dir='ltr'>videor</span> <span class='ocrx_word' id='word_1_476' title='bbox 1711 3032 1782 3090; x_wconf 88' lang='lat' dir='ltr'>adeo</span> 
     </span>
     <span class='ocr_line' id='line_1_43' title="bbox 108 3108 1782 3191; baseline 0 -16"><span class='ocrx_word' id='word_1_477' title='bbox 108 3119 227 3176; x_wconf 90' lang='lat' dir='ltr'>bilitatis</span> <span class='ocrx_word' id='word_1_478' title='bbox 243 3134 377 3173; x_wconf 91' lang='lat' dir='ltr'>meorum</span> <span class='ocrx_word' id='word_1_479' title='bbox 393 3116 441 3188; x_wconf 91' lang='lat' dir='ltr'>qui</span> <span class='ocrx_word' id='word_1_480' title='bbox 464 3115 601 3169; x_wconf 88' lang='lat' dir='ltr'>timentes</span> <span class='ocrx_word' id='word_1_481' title='bbox 617 3113 645 3168; x_wconf 93' lang='lat' dir='ltr'>in</span> <span class='ocrx_word' id='word_1_482' title='bbox 661 3109 816 3166; x_wconf 90' lang='lat' dir='ltr'>tormentis</span> <span class='ocrx_word' id='word_1_483' title='bbox 832 3108 921 3163; x_wconf 83' lang='lat' dir='ltr'>futuri</span> <span class='ocrx_word' id='word_1_484' title='bbox 970 3112 1030 3167; x_wconf 89' lang='lat' dir='ltr'>vilis</span> <span class='ocrx_word' id='word_1_485' title='bbox 1040 3113 1076 3167; x_wconf 88' lang='lat' dir='ltr'>ad</span> <span class='ocrx_word' id='word_1_486' title='bbox 1088 3112 1318 3167; x_wconf 83' lang='lat' dir='ltr'>interficiendum</span> <span class='ocrx_word' id='word_1_487' title='bbox 1329 3117 1360 3167; x_wconf 85' lang='lat' dir='ltr'>ut</span> <span class='ocrx_word' id='word_1_488' title='bbox 1373 3115 1487 3183; x_wconf 88' lang='lat' dir='ltr'>vermis,</span> <span class='ocrx_word' id='word_1_489' title='bbox 1504 3117 1553 3189; x_wconf 92' lang='lat' dir='ltr'>qui</span> <span class='ocrx_word' id='word_1_490' title='bbox 1573 3118 1637 3174; x_wconf 90' lang='lat' dir='ltr'>sine</span> <span class='ocrx_word' id='word_1_491' title='bbox 1653 3121 1782 3191; x_wconf 85' lang='lat' dir='ltr'>quolibet</span> 
     </span>
     <span class='ocr_line' id='line_1_44' title="bbox 108 3192 1781 3280; baseline 0.001 -16"><span class='ocrx_word' id='word_1_492' title='bbox 108 3212 185 3275; x_wconf 89' lang='lat' dir='ltr'>sunt,</span> <span class='ocrx_word' id='word_1_493' title='bbox 194 3205 380 3279; x_wconf 88' lang='lat' dir='ltr'>aeposteade</span> <span class='ocrx_word' id='word_1_494' title='bbox 391 3203 513 3276; x_wconf 68' lang='lat' dir='ltr'>praemio</span> <span class='ocrx_word' id='word_1_495' title='bbox 525 3198 827 3272; x_wconf 87' lang='lat' dir='ltr'>desperentelamebo:</span> <span class='ocrx_word' id='word_1_496' title='bbox 838 3204 921 3251; x_wconf 76' lang='lat' dir='ltr'>einen</span> <span class='ocrx_word' id='word_1_497' title='bbox 969 3194 1567 3271; x_wconf 74' lang='lat' dir='ltr'>respectudamniperimiturlltneeetiarn</span> <span class='ocrx_word' id='word_1_498' title='bbox 1574 3192 1781 3280; x_wconf 70' lang='lat' dir='ltr'>bemeabssss</span> 
     </span>
     <span class='ocr_line' id='line_1_45' title="bbox 109 3285 1780 3368; baseline 0.001 -16"><span class='ocrx_word' id='word_1_499' title='bbox 109 3296 232 3353; x_wconf 77' lang='lat' dir='ltr'>errrrrdies</span> <span class='ocrx_word' id='word_1_500' title='bbox 247 3297 278 3348; x_wconf 90' lang='lat' dir='ltr'>ut</span> <span class='ocrx_word' id='word_1_501' title='bbox 293 3293 409 3359; x_wconf 89' lang='lat' dir='ltr'>liberer,</span> <span class='ocrx_word' id='word_1_502' title='bbox 425 3295 455 3346; x_wconf 89' lang='lat' dir='ltr'>ut</span> <span class='ocrx_word' id='word_1_503' title='bbox 466 3291 495 3345; x_wconf 90' lang='lat' dir='ltr'>in</span> <span class='ocrx_word' id='word_1_504' title='bbox 505 3289 659 3360; x_wconf 83' lang='lat' dir='ltr'>Evangelio</span> <span class='ocrx_word' id='word_1_505' title='bbox 670 3305 676 3342; x_wconf 91' lang='lat'>:</span> <span class='ocrx_word' id='word_1_506' title='bbox 687 3312 699 3336; x_wconf 74' lang='grc' dir='ltr'>ι</span> <span class='ocrx_word' id='word_1_507' title='bbox 713 3289 808 3353; x_wconf 89' lang='lat' dir='ltr'>Pater,</span> <span class='ocrx_word' id='word_1_508' title='bbox 822 3285 844 3340; x_wconf 92' lang='lat' dir='ltr'>si</span> <span class='ocrx_word' id='word_1_509' title='bbox 856 3301 920 3356; x_wconf 93' lang='lat' dir='ltr'>pos·</span> <span class='ocrx_word' id='word_1_510' title='bbox 971 3287 1012 3342; x_wconf 89' lang='lat' dir='ltr'>eis</span> <span class='ocrx_word' id='word_1_511' title='bbox 1025 3303 1086 3341; x_wconf 88' lang='lat' dir='ltr'>esse</span> <span class='ocrx_word' id='word_1_512' title='bbox 1095 3290 1225 3358; x_wconf 87' lang='lat' dir='ltr'>reputor,</span> <span class='ocrx_word' id='word_1_513' title='bbox 1238 3287 1267 3342; x_wconf 94' lang='lat' dir='ltr'>id</span> <span class='ocrx_word' id='word_1_514' title='bbox 1276 3292 1319 3342; x_wconf 88' lang='lat' dir='ltr'>est</span> <span class='ocrx_word' id='word_1_515' title='bbox 1329 3289 1368 3343; x_wconf 91' lang='lat' dir='ltr'>ita</span> <span class='ocrx_word' id='word_1_516' title='bbox 1378 3307 1425 3344; x_wconf 90' lang='lat' dir='ltr'>me</span> <span class='ocrx_word' id='word_1_517' title='bbox 1434 3291 1622 3361; x_wconf 88' lang='lat' dir='ltr'>interlleiunt,</span> <span class='ocrx_word' id='word_1_518' title='bbox 1631 3297 1714 3368; x_wconf 86' lang='lat' dir='ltr'>quasi</span> <span class='ocrx_word' id='word_1_519' title='bbox 1724 3313 1780 3352; x_wconf 90' lang='lat' dir='ltr'>non</span> 
     </span>
     <span class='ocr_line' id='line_1_46' title="bbox 110 3376 1782 3449; baseline 0.001 -10"><span class='ocrx_word' id='word_1_520' title='bbox 110 3386 191 3441; x_wconf 90' lang='lat' dir='ltr'>sibile</span> <span class='ocrx_word' id='word_1_521' title='bbox 207 3385 260 3449; x_wconf 86' lang='lat' dir='ltr'>est,</span> <span class='ocrx_word' id='word_1_522' title='bbox 275 3382 399 3435; x_wconf 85' lang='lat' dir='ltr'>trauster</span> <span class='ocrx_word' id='word_1_523' title='bbox 419 3380 537 3434; x_wconf 84' lang='lat' dir='ltr'>calicem</span> <span class='ocrx_word' id='word_1_524' title='bbox 563 3380 640 3433; x_wconf 91' lang='lat' dir='ltr'>bunc</span> <span class='ocrx_word' id='word_1_525' title='bbox 660 3394 677 3432; x_wconf 91' lang='lat' dir='ltr'>a</span> <span class='ocrx_word' id='word_1_526' title='bbox 693 3394 739 3431; x_wconf 90' lang='lat' dir='ltr'>me</span> <span class='ocrx_word' id='word_1_527' title='bbox 755 3393 761 3430; x_wconf 93' lang='lat'>:</span> <span class='ocrx_word' id='word_1_528' title='bbox 777 3379 921 3429; x_wconf 88' lang='lat' dir='ltr'>verumta·</span> <span class='ocrx_word' id='word_1_529' title='bbox 972 3376 1171 3430; x_wconf 89' lang='lat' dir='ltr'>essembemo.</span> <span class='ocrx_word' id='word_1_530' title='bbox 1183 3376 1231 3430; x_wconf 89' lang='lat' dir='ltr'>Vel</span> <span class='ocrx_word' id='word_1_531' title='bbox 1248 3377 1289 3431; x_wconf 90' lang='lat' dir='ltr'>ita</span> <span class='ocrx_word' id='word_1_532' title='bbox 1306 3393 1313 3429; x_wconf 74' lang='grc' dir='ltr'>ι</span> <span class='ocrx_word' id='word_1_533' title='bbox 1330 3376 1390 3446; x_wconf 83' lang='lat' dir='ltr'>qu</span> <span class='ocrx_word' id='word_1_534' title='bbox 1402 3395 1462 3431; x_wconf 54' lang='lat' dir='ltr'>sum,</span> <span class='ocrx_word' id='word_1_535' title='bbox 1474 3382 1580 3448; x_wconf 67' lang='lat' dir='ltr'>uentu,</span> <span class='ocrx_word' id='word_1_536' title='bbox 1595 3382 1681 3439; x_wconf 88' lang='lat' dir='ltr'>idest</span> <span class='ocrx_word' id='word_1_537' title='bbox 1693 3385 1782 3440; x_wconf 89' lang='lat' dir='ltr'>vermi</span> 
     </span>
     <span class='ocr_line' id='line_1_47' title="bbox 112 3463 1779 3546; baseline 0.001 -19"><span class='ocrx_word' id='word_1_538' title='bbox 112 3490 179 3528; x_wconf 92' lang='lat' dir='ltr'>men</span> <span class='ocrx_word' id='word_1_539' title='bbox 194 3489 253 3525; x_wconf 86' lang='grc' dir='ltr'>ιιιιιι</span> <span class='ocrx_word' id='word_1_540' title='bbox 267 3470 343 3541; x_wconf 93' lang='lat' dir='ltr'>quod</span> <span class='ocrx_word' id='word_1_541' title='bbox 361 3486 415 3539; x_wconf 89' lang='lat' dir='ltr'>ego</span> <span class='ocrx_word' id='word_1_542' title='bbox 429 3470 503 3534; x_wconf 94' lang='lat' dir='ltr'>volo,</span> <span class='ocrx_word' id='word_1_543' title='bbox 520 3467 569 3521; x_wconf 92' lang='lat' dir='ltr'>sed</span> <span class='ocrx_word' id='word_1_544' title='bbox 583 3466 660 3538; x_wconf 89' lang='lat' dir='ltr'>quod</span> <span class='ocrx_word' id='word_1_545' title='bbox 676 3464 829 3534; x_wconf 70' lang='lat' dir='ltr'>tumtum.</span> <span class='ocrx_word' id='word_1_546' title='bbox 847 3480 921 3529; x_wconf 79' lang='lat' dir='ltr'>xxvi,</span> <span class='ocrx_word' id='word_1_547' title='bbox 972 3463 1081 3518; x_wconf 88' lang='lat' dir='ltr'>similis.</span> <span class='ocrx_word' id='word_1_548' title='bbox 1098 3463 1169 3518; x_wconf 82' lang='lat' dir='ltr'>Nam</span> <span class='ocrx_word' id='word_1_549' title='bbox 1185 3464 1258 3520; x_wconf 86' lang='lat' dir='ltr'>sient</span> <span class='ocrx_word' id='word_1_550' title='bbox 1281 3466 1386 3520; x_wconf 88' lang='lat' dir='ltr'>vermis</span> <span class='ocrx_word' id='word_1_551' title='bbox 1404 3466 1440 3522; x_wconf 89' lang='lat' dir='ltr'>de</span> <span class='ocrx_word' id='word_1_552' title='bbox 1461 3484 1534 3522; x_wconf 90' lang='lat' dir='ltr'>nuce</span> <span class='ocrx_word' id='word_1_553' title='bbox 1553 3470 1596 3524; x_wconf 81' lang='lat' dir='ltr'>vel</span> <span class='ocrx_word' id='word_1_554' title='bbox 1624 3472 1661 3526; x_wconf 88' lang='lat' dir='ltr'>de</span> <span class='ocrx_word' id='word_1_555' title='bbox 1686 3473 1779 3546; x_wconf 87' lang='lat' dir='ltr'>alique</span> 
     </span>
     <span class='ocr_line' id='line_1_48' title="bbox 111 3551 1779 3634; baseline 0.005 -26"><span class='ocrx_word' id='word_1_556' title='bbox 111 3566 166 3631; x_wconf 66' lang='grc'>39),</span> <span class='ocrx_word' id='word_1_557' title='bbox 185 3584 198 3609; x_wconf 81' lang='grc'>»</span> <span class='ocrx_word' id='word_1_558' title='bbox 211 3559 247 3613; x_wconf 82' lang='lat' dir='ltr'>Et</span> <span class='ocrx_word' id='word_1_559' title='bbox 262 3564 346 3618; x_wconf 82' lang='lat' dir='ltr'>noete.</span> <span class='ocrx_word' id='word_1_560' title='bbox 364 3557 391 3611; x_wconf 93' lang='lat' dir='ltr'>id</span> <span class='ocrx_word' id='word_1_561' title='bbox 407 3559 459 3622; x_wconf 89' lang='lat' dir='ltr'>est,</span> <span class='ocrx_word' id='word_1_562' title='bbox 477 3557 506 3609; x_wconf 92' lang='lat' dir='ltr'>in</span> <span class='ocrx_word' id='word_1_563' title='bbox 523 3571 609 3609; x_wconf 82' lang='lat' dir='ltr'>urana</span> <span class='ocrx_word' id='word_1_564' title='bbox 626 3553 843 3608; x_wconf 85' lang='lat' dir='ltr'>resurrectionis</span> <span class='ocrx_word' id='word_1_565' title='bbox 856 3569 921 3606; x_wconf 91' lang='lat' dir='ltr'>eum</span> <span class='ocrx_word' id='word_1_566' title='bbox 971 3552 1065 3607; x_wconf 87' lang='lat' dir='ltr'>fructu</span> <span class='ocrx_word' id='word_1_567' title='bbox 1087 3551 1148 3607; x_wconf 88' lang='lat' dir='ltr'>sine</span> <span class='ocrx_word' id='word_1_568' title='bbox 1172 3553 1282 3608; x_wconf 88' lang='lat' dir='ltr'>semine</span> <span class='ocrx_word' id='word_1_569' title='bbox 1299 3554 1435 3622; x_wconf 85' lang='lat' dir='ltr'>nascitur,</span> <span class='ocrx_word' id='word_1_570' title='bbox 1447 3555 1486 3610; x_wconf 90' lang='lat' dir='ltr'>sie</span> <span class='ocrx_word' id='word_1_571' title='bbox 1501 3561 1530 3610; x_wconf 88' lang='lat' dir='ltr'>et</span> <span class='ocrx_word' id='word_1_572' title='bbox 1543 3574 1597 3631; x_wconf 87' lang='lat' dir='ltr'>ego</span> <span class='ocrx_word' id='word_1_573' title='bbox 1612 3559 1650 3614; x_wconf 86' lang='lat' dir='ltr'>de</span> <span class='ocrx_word' id='word_1_574' title='bbox 1663 3561 1779 3634; x_wconf 79' lang='lat' dir='ltr'>Virgine</span> 
     </span>
     <span class='ocr_line' id='line_1_49' title="bbox 113 3639 1779 3721; baseline -0.001 -15"><span class='ocrx_word' id='word_1_575' title='bbox 113 3653 208 3706; x_wconf 87' lang='lat' dir='ltr'>adbuc</span> <span class='ocrx_word' id='word_1_576' title='bbox 235 3648 362 3702; x_wconf 74' lang='lat' dir='ltr'>tenebris</span> <span class='ocrx_word' id='word_1_577' title='bbox 387 3645 479 3700; x_wconf 87' lang='lat' dir='ltr'>uectis</span> <span class='ocrx_word' id='word_1_578' title='bbox 494 3647 598 3710; x_wconf 88' lang='lat' dir='ltr'>eruat;</span> <span class='ocrx_word' id='word_1_579' title='bbox 615 3643 735 3697; x_wconf 79' lang='lat' dir='ltr'>cteeiebo</span> <span class='ocrx_word' id='word_1_580' title='bbox 758 3642 794 3696; x_wconf 87' lang='lat' dir='ltr'>ad</span> <span class='ocrx_word' id='word_1_581' title='bbox 810 3645 847 3704; x_wconf 85' lang='lat' dir='ltr'>le,</span> <span class='ocrx_word' id='word_1_582' title='bbox 864 3656 923 3695; x_wconf 92' lang='lat' dir='ltr'>non</span> <span class='ocrx_word' id='word_1_583' title='bbox 972 3640 1034 3695; x_wconf 88' lang='lat' dir='ltr'>sine</span> <span class='ocrx_word' id='word_1_584' title='bbox 1046 3639 1158 3695; x_wconf 86' lang='lat' dir='ltr'>semine</span> <span class='ocrx_word' id='word_1_585' title='bbox 1173 3645 1256 3697; x_wconf 87' lang='lat' dir='ltr'>natus</span> <span class='ocrx_word' id='word_1_586' title='bbox 1269 3651 1380 3698; x_wconf 87' lang='lat' dir='ltr'>sum:et</span> <span class='ocrx_word' id='word_1_587' title='bbox 1392 3661 1445 3698; x_wconf 83' lang='lat' dir='ltr'>uon</span> <span class='ocrx_word' id='word_1_588' title='bbox 1459 3646 1726 3721; x_wconf 82' lang='lat' dir='ltr'>bemosimplieiter,</span> <span class='ocrx_word' id='word_1_589' title='bbox 1734 3650 1779 3705; x_wconf 87' lang='lat' dir='ltr'>sed</span> 
     </span>
     <span class='ocr_line' id='line_1_50' title="bbox 114 3728 1779 3807; baseline -0.002 -13"><span class='ocrx_word' id='word_1_590' title='bbox 114 3739 217 3799; x_wconf 89' lang='lat' dir='ltr'>verbis,</span> <span class='ocrx_word' id='word_1_591' title='bbox 232 3737 280 3790; x_wconf 90' lang='lat' dir='ltr'>sed</span> <span class='ocrx_word' id='word_1_592' title='bbox 292 3736 354 3807; x_wconf 82' lang='lat' dir='ltr'>ipsa</span> <span class='ocrx_word' id='word_1_593' title='bbox 371 3733 536 3788; x_wconf 88' lang='lat' dir='ltr'>obedientia</span> <span class='ocrx_word' id='word_1_594' title='bbox 547 3731 658 3794; x_wconf 86' lang='lat' dir='ltr'>mertis,</span> <span class='ocrx_word' id='word_1_595' title='bbox 666 3731 694 3786; x_wconf 92' lang='lat' dir='ltr'>id</span> <span class='ocrx_word' id='word_1_596' title='bbox 705 3734 748 3784; x_wconf 85' lang='lat' dir='ltr'>est</span> <span class='ocrx_word' id='word_1_597' title='bbox 758 3731 868 3784; x_wconf 89' lang='lat' dir='ltr'>elamor</span> <span class='ocrx_word' id='word_1_598' title='bbox 877 3728 924 3782; x_wconf 90' lang='lat' dir='ltr'>ille</span> <span class='ocrx_word' id='word_1_599' title='bbox 973 3729 1062 3784; x_wconf 89' lang='lat' dir='ltr'>etiam</span> <span class='ocrx_word' id='word_1_600' title='bbox 1077 3731 1161 3797; x_wconf 88' lang='lat' dir='ltr'>Deus,</span> <span class='ocrx_word' id='word_1_601' title='bbox 1182 3734 1210 3785; x_wconf 89' lang='lat' dir='ltr'>et</span> <span class='ocrx_word' id='word_1_602' title='bbox 1229 3747 1295 3785; x_wconf 89' lang='lat' dir='ltr'>eum</span> <span class='ocrx_word' id='word_1_603' title='bbox 1312 3734 1426 3787; x_wconf 90' lang='lat' dir='ltr'>tautum</span> <span class='ocrx_word' id='word_1_604' title='bbox 1440 3734 1544 3806; x_wconf 90' lang='lat' dir='ltr'>dignus</span> <span class='ocrx_word' id='word_1_605' title='bbox 1557 3736 1612 3790; x_wconf 89' lang='lat' dir='ltr'>sim</span> <span class='ocrx_word' id='word_1_606' title='bbox 1630 3742 1661 3792; x_wconf 90' lang='lat' dir='ltr'>ut</span> <span class='ocrx_word' id='word_1_607' title='bbox 1677 3737 1779 3793; x_wconf 87' lang='lat' dir='ltr'>vermis</span> 
     </span>
     <span class='ocr_line' id='line_1_51' title="bbox 113 3817 1777 3893; baseline -0.001 -12"><span class='ocrx_word' id='word_1_608' title='bbox 113 3845 171 3882; x_wconf 87' lang='lat' dir='ltr'>aon</span> <span class='ocrx_word' id='word_1_609' title='bbox 181 3824 320 3879; x_wconf 81' lang='lat' dir='ltr'>cedetlrud</span> <span class='ocrx_word' id='word_1_610' title='bbox 327 3818 825 3893; x_wconf 78' lang='lat' dir='ltr'>irisqrieutitieruruilu&#39;,idestnouinde</span> <span class='ocrx_word' id='word_1_611' title='bbox 835 3822 926 3873; x_wconf 80' lang='lat' dir='ltr'>utere·</span> <span class='ocrx_word' id='word_1_612' title='bbox 973 3817 1069 3871; x_wconf 86' lang='lat' dir='ltr'>simet</span> <span class='ocrx_word' id='word_1_613' title='bbox 1084 3835 1141 3875; x_wconf 91' lang='lat' dir='ltr'>non</span> <span class='ocrx_word' id='word_1_614' title='bbox 1157 3818 1256 3887; x_wconf 90' lang='lat' dir='ltr'>homo,</span> <span class='ocrx_word' id='word_1_615' title='bbox 1268 3823 1367 3874; x_wconf 89' lang='lat' dir='ltr'>tamen</span> <span class='ocrx_word' id='word_1_616' title='bbox 1380 3839 1444 3876; x_wconf 92' lang='lat' dir='ltr'>sum</span> <span class='ocrx_word' id='word_1_617' title='bbox 1454 3824 1777 3893; x_wconf 79' lang='lat' dir='ltr'>opprobriumtremiuum,</span> 
     </span>
     <span class='ocr_line' id='line_1_52' title="bbox 114 3904 1778 3984; baseline 0.006 -23"><span class='ocrx_word' id='word_1_618' title='bbox 114 3912 381 3984; x_wconf 70' lang='lat' dir='ltr'>putatiorinsipieus</span> <span class='ocrx_word' id='word_1_619' title='bbox 396 3907 845 3979; x_wconf 80' lang='lat' dir='ltr'>etindiguusimpetratione,sed</span> <span class='ocrx_word' id='word_1_620' title='bbox 858 3911 925 3959; x_wconf 84' lang='lat' dir='ltr'>tuuc</span> <span class='ocrx_word' id='word_1_621' title='bbox 975 3904 1061 3960; x_wconf 89' lang='lat' dir='ltr'>idest</span> <span class='ocrx_word' id='word_1_622' title='bbox 1076 3909 1188 3961; x_wconf 89' lang='lat' dir='ltr'>tantum</span> <span class='ocrx_word' id='word_1_623' title='bbox 1204 3909 1303 3963; x_wconf 90' lang='lat' dir='ltr'>videor</span> <span class='ocrx_word' id='word_1_624' title='bbox 1315 3909 1355 3963; x_wconf 90' lang='lat' dir='ltr'>eis</span> <span class='ocrx_word' id='word_1_625' title='bbox 1370 3910 1525 3982; x_wconf 79' lang='lat' dir='ltr'>vilisquod</span> <span class='ocrx_word' id='word_1_626' title='bbox 1536 3915 1675 3970; x_wconf 89' lang='lat' dir='ltr'>omnibns</span> <span class='ocrx_word' id='word_1_627' title='bbox 1688 3915 1778 3970; x_wconf 90' lang='lat' dir='ltr'>hemi-</span> 
     </span>
     <span class='ocr_line' id='line_1_53' title="bbox 115 3993 1778 4076; baseline 0.002 -20"><span class='ocrx_word' id='word_1_628' title='bbox 115 4003 239 4056; x_wconf 83' lang='lat' dir='ltr'>eruudies</span> <span class='ocrx_word' id='word_1_629' title='bbox 254 4017 300 4054; x_wconf 92' lang='lat' dir='ltr'>me</span> <span class='ocrx_word' id='word_1_630' title='bbox 316 3998 521 4053; x_wconf 84' lang='lat' dir='ltr'>resuscitando.</span> <span class='ocrx_word' id='word_1_631' title='bbox 531 3998 560 4050; x_wconf 88' lang='lat' dir='ltr'>ln</span> <span class='ocrx_word' id='word_1_632' title='bbox 578 3995 633 4050; x_wconf 90' lang='lat' dir='ltr'>alia</span> <span class='ocrx_word' id='word_1_633' title='bbox 645 3994 925 4048; x_wconf 88' lang='lat' dir='ltr'>translatiouebabe-</span> <span class='ocrx_word' id='word_1_634' title='bbox 975 3993 1068 4062; x_wconf 87' lang='lat' dir='ltr'>nibus,</span> <span class='ocrx_word' id='word_1_635' title='bbox 1080 4012 1203 4067; x_wconf 89' lang='lat' dir='ltr'>querum</span> <span class='ocrx_word' id='word_1_636' title='bbox 1216 4014 1279 4052; x_wconf 89' lang='lat' dir='ltr'>sum</span> <span class='ocrx_word' id='word_1_637' title='bbox 1292 3999 1435 4072; x_wconf 77' lang='lat' dir='ltr'>particeps</span> <span class='ocrx_word' id='word_1_638' title='bbox 1446 4003 1572 4068; x_wconf 84' lang='lat' dir='ltr'>naturae,</span> <span class='ocrx_word' id='word_1_639' title='bbox 1590 4003 1778 4076; x_wconf 87' lang='lat' dir='ltr'>opprobrium</span> 
     </span>
     <span class='ocr_line' id='line_1_54' title="bbox 117 4081 1781 4156; baseline 0 -12"><span class='ocrx_word' id='word_1_640' title='bbox 117 4096 181 4145; x_wconf 88' lang='lat' dir='ltr'>tur:</span> <span class='ocrx_word' id='word_1_641' title='bbox 197 4090 291 4143; x_wconf 79' lang='lat' dir='ltr'>Etuou</span> <span class='ocrx_word' id='word_1_642' title='bbox 301 4086 435 4152; x_wconf 80' lang='lat' dir='ltr'>silebis,id</span> <span class='ocrx_word' id='word_1_643' title='bbox 449 4083 686 4156; x_wconf 88' lang='lat' dir='ltr'>estrespondebis</span> <span class='ocrx_word' id='word_1_644' title='bbox 697 4099 769 4136; x_wconf 82' lang='lat' dir='ltr'>vrreoe</span> <span class='ocrx_word' id='word_1_645' title='bbox 781 4082 925 4152; x_wconf 80' lang='lat' dir='ltr'>petitioni,</span> <span class='ocrx_word' id='word_1_646' title='bbox 976 4097 1036 4136; x_wconf 89' lang='lat' dir='ltr'>esse</span> <span class='ocrx_word' id='word_1_647' title='bbox 1051 4081 1158 4139; x_wconf 88' lang='lat' dir='ltr'>videar.</span> <span class='ocrx_word' id='word_1_648' title='bbox 1176 4085 1219 4153; x_wconf 84' lang='lat' dir='ltr'>Et,</span> <span class='ocrx_word' id='word_1_649' title='bbox 1246 4089 1278 4140; x_wconf 90' lang='lat' dir='ltr'>ut</span> <span class='ocrx_word' id='word_1_650' title='bbox 1302 4086 1500 4142; x_wconf 86' lang='lat' dir='ltr'>vehementius</span> <span class='ocrx_word' id='word_1_651' title='bbox 1515 4090 1627 4145; x_wconf 83' lang='lat' dir='ltr'>diram:</span> <span class='ocrx_word' id='word_1_652' title='bbox 1644 4108 1711 4146; x_wconf 90' lang='lat' dir='ltr'>sum</span> <span class='ocrx_word' id='word_1_653' title='bbox 1736 4092 1781 4145; x_wconf 84' lang='lat' dir='ltr'>ab·</span> 
     </span>
     <span class='ocr_line' id='line_1_55' title="bbox 116 4169 1780 4249; baseline 0 -15"><span class='ocrx_word' id='word_1_654' title='bbox 116 4196 175 4233; x_wconf 89' lang='lat' dir='ltr'>nou</span> <span class='ocrx_word' id='word_1_655' title='bbox 186 4176 329 4248; x_wconf 83' lang='lat' dir='ltr'>loquendo</span> <span class='ocrx_word' id='word_1_656' title='bbox 342 4174 391 4227; x_wconf 92' lang='lat' dir='ltr'>sed</span> <span class='ocrx_word' id='word_1_657' title='bbox 401 4171 659 4227; x_wconf 78' lang='lat' dir='ltr'>resuscitandovel</span> <span class='ocrx_word' id='word_1_658' title='bbox 670 4171 709 4224; x_wconf 89' lang='lat' dir='ltr'>sie</span> <span class='ocrx_word' id='word_1_659' title='bbox 718 4187 723 4224; x_wconf 95' lang='lat'><strong>:</strong></span> <span class='ocrx_word' id='word_1_660' title='bbox 732 4171 765 4224; x_wconf 84' lang='lat' dir='ltr'>Et</span> <span class='ocrx_word' id='word_1_661' title='bbox 775 4187 832 4225; x_wconf 90' lang='lat' dir='ltr'>non</span> <span class='ocrx_word' id='word_1_662' title='bbox 843 4169 927 4225; x_wconf 89' lang='lat' dir='ltr'>silen-</span> <span class='ocrx_word' id='word_1_663' title='bbox 970 4169 1053 4239; x_wconf 84' lang='lat' dir='ltr'>jectio</span> <span class='ocrx_word' id='word_1_664' title='bbox 1063 4170 1157 4240; x_wconf 82' lang='lat' dir='ltr'>ptelu&#39;s,</span> <span class='ocrx_word' id='word_1_665' title='bbox 1172 4171 1202 4226; x_wconf 93' lang='lat' dir='ltr'>id</span> <span class='ocrx_word' id='word_1_666' title='bbox 1215 4177 1259 4227; x_wconf 90' lang='lat' dir='ltr'>est</span> <span class='ocrx_word' id='word_1_667' title='bbox 1271 4179 1497 4244; x_wconf 85' lang='lat' dir='ltr'>purgamentum</span> <span class='ocrx_word' id='word_1_668' title='bbox 1506 4178 1602 4232; x_wconf 90' lang='lat' dir='ltr'>omnis</span> <span class='ocrx_word' id='word_1_669' title='bbox 1618 4179 1780 4249; x_wconf 85' lang='lat' dir='ltr'>plebiseum</span> 
     </span>
     <span class='ocr_line' id='line_1_56' title="bbox 117 4257 1781 4338; baseline -0.001 -16"><span class='ocrx_word' id='word_1_670' title='bbox 117 4269 190 4322; x_wconf 90' lang='lat' dir='ltr'>tium</span> <span class='ocrx_word' id='word_1_671' title='bbox 204 4265 274 4319; x_wconf 84' lang='lat' dir='ltr'>milii</span> <span class='ocrx_word' id='word_1_672' title='bbox 286 4281 303 4318; x_wconf 85' lang='lat' dir='ltr'>a</span> <span class='ocrx_word' id='word_1_673' title='bbox 314 4267 340 4317; x_wconf 91' lang='lat' dir='ltr'>te</span> <span class='ocrx_word' id='word_1_674' title='bbox 348 4262 413 4328; x_wconf 90' lang='lat' dir='ltr'>erit,</span> <span class='ocrx_word' id='word_1_675' title='bbox 422 4262 470 4316; x_wconf 91' lang='lat' dir='ltr'>sed</span> <span class='ocrx_word' id='word_1_676' title='bbox 482 4259 640 4331; x_wconf 88' lang='lat' dir='ltr'>responsio.</span> <span class='ocrx_word' id='word_1_677' title='bbox 653 4260 686 4313; x_wconf 85' lang='lat' dir='ltr'>Et</span> <span class='ocrx_word' id='word_1_678' title='bbox 696 4259 740 4313; x_wconf 88' lang='lat' dir='ltr'>hic</span> <span class='ocrx_word' id='word_1_679' title='bbox 749 4260 925 4314; x_wconf 88' lang='lat' dir='ltr'>eademsen·</span> <span class='ocrx_word' id='word_1_680' title='bbox 976 4257 1127 4326; x_wconf 90' lang='lat' dir='ltr'>interllcio,</span> <span class='ocrx_word' id='word_1_681' title='bbox 1143 4259 1214 4313; x_wconf 89' lang='lat' dir='ltr'>sicut</span> <span class='ocrx_word' id='word_1_682' title='bbox 1231 4262 1329 4316; x_wconf 87' lang='lat' dir='ltr'>sordes</span> <span class='ocrx_word' id='word_1_683' title='bbox 1344 4279 1409 4316; x_wconf 87' lang='lat' dir='ltr'>eum</span> <span class='ocrx_word' id='word_1_684' title='bbox 1423 4281 1440 4317; x_wconf 92' lang='lat' dir='ltr'>a</span> <span class='ocrx_word' id='word_1_685' title='bbox 1456 4264 1588 4319; x_wconf 89' lang='lat' dir='ltr'>domibus</span> <span class='ocrx_word' id='word_1_686' title='bbox 1607 4267 1781 4338; x_wconf 78' lang='lat' dir='ltr'>adjiciuntur</span> 
     </span>
     <span class='ocr_line' id='line_1_57' title="bbox 29 4347 1779 4429; baseline 0.003 -22"><span class='ocrx_word' id='word_1_687' title='bbox 29 4358 33 4374; x_wconf 83' lang='lat'>¹</span> <span class='ocrx_word' id='word_1_688' title='bbox 117 4355 257 4409; x_wconf 86' lang='lat' dir='ltr'>tentiaest</span> <span class='ocrx_word' id='word_1_689' title='bbox 267 4370 272 4406; x_wconf 94' lang='lat'>:</span> <span class='ocrx_word' id='word_1_690' title='bbox 283 4352 361 4418; x_wconf 77' lang='lat' dir='ltr'>Die-o,</span> <span class='ocrx_word' id='word_1_691' title='bbox 372 4350 446 4404; x_wconf 87' lang='lat' dir='ltr'>visus</span> <span class='ocrx_word' id='word_1_692' title='bbox 456 4366 486 4404; x_wconf 88' lang='lat' dir='ltr'>es</span> <span class='ocrx_word' id='word_1_693' title='bbox 497 4347 693 4420; x_wconf 82' lang='lat' dir='ltr'>dereliquisse,</span> <span class='ocrx_word' id='word_1_694' title='bbox 704 4351 733 4402; x_wconf 91' lang='lat' dir='ltr'>et</span> <span class='ocrx_word' id='word_1_695' title='bbox 745 4364 805 4402; x_wconf 87' lang='lat' dir='ltr'>esse</span> <span class='ocrx_word' id='word_1_696' title='bbox 816 4349 927 4419; x_wconf 86' lang='lat' dir='ltr'>longea</span> <span class='ocrx_word' id='word_1_697' title='bbox 938 4355 965 4414; x_wconf 85' lang='grc' dir='ltr'>Ι)</span> <span class='ocrx_word' id='word_1_698' title='bbox 975 4364 1024 4402; x_wconf 87' lang='lat' dir='ltr'>eas</span> <span class='ocrx_word' id='word_1_699' title='bbox 1040 4351 1174 4419; x_wconf 86' lang='lat' dir='ltr'>purgant.</span> <span class='ocrx_word' id='word_1_700' title='bbox 1187 4349 1221 4402; x_wconf 84' lang='lat' dir='ltr'>Et</span> <span class='ocrx_word' id='word_1_701' title='bbox 1236 4349 1303 4421; x_wconf 91' lang='lat' dir='ltr'>quia</span> <span class='ocrx_word' id='word_1_702' title='bbox 1318 4368 1381 4405; x_wconf 89' lang='lat' dir='ltr'>sum</span> <span class='ocrx_word' id='word_1_703' title='bbox 1397 4353 1586 4425; x_wconf 91' lang='lat' dir='ltr'>opprobrium</span> <span class='ocrx_word' id='word_1_704' title='bbox 1600 4359 1630 4410; x_wconf 89' lang='lat' dir='ltr'>et</span> <span class='ocrx_word' id='word_1_705' title='bbox 1647 4356 1779 4429; x_wconf 85' lang='lat' dir='ltr'>abjectio,</span> 
     </span>
     <span class='ocr_line' id='line_1_58' title="bbox 117 4436 1780 4510; baseline 0.002 -14"><span class='ocrx_word' id='word_1_706' title='bbox 117 4444 208 4497; x_wconf 91' lang='lat' dir='ltr'>salute</span> <span class='ocrx_word' id='word_1_707' title='bbox 229 4457 311 4508; x_wconf 79' lang='lat' dir='ltr'>niea3</span> <span class='ocrx_word' id='word_1_708' title='bbox 324 4447 348 4494; x_wconf 89' lang='lat' dir='ltr'>et</span> <span class='ocrx_word' id='word_1_709' title='bbox 362 4457 416 4493; x_wconf 82' lang='lat' dir='ltr'>non</span> <span class='ocrx_word' id='word_1_710' title='bbox 436 4439 572 4492; x_wconf 77' lang='lat' dir='ltr'>exaudies.</span> <span class='ocrx_word' id='word_1_711' title='bbox 596 4438 635 4494; x_wconf 81' lang='lat' dir='ltr'>Tu</span> <span class='ocrx_word' id='word_1_712' title='bbox 657 4445 757 4501; x_wconf 75' lang='lat' dir='ltr'>aretem,</span> <span class='ocrx_word' id='word_1_713' title='bbox 774 4436 803 4490; x_wconf 92' lang='lat' dir='ltr'>id</span> <span class='ocrx_word' id='word_1_714' title='bbox 819 4440 862 4492; x_wconf 89' lang='lat' dir='ltr'>est</span> <span class='ocrx_word' id='word_1_715' title='bbox 875 4441 923 4504; x_wconf 90' lang='lat' dir='ltr'>lu;</span> <span class='ocrx_word' id='word_1_716' title='bbox 974 4453 1062 4492; x_wconf 86' lang='lat' dir='ltr'>omues</span> <span class='ocrx_word' id='word_1_717' title='bbox 1076 4438 1191 4492; x_wconf 80' lang='lat' dir='ltr'>videntes</span> <span class='ocrx_word' id='word_1_718' title='bbox 1209 4455 1259 4504; x_wconf 87' lang='lat' dir='ltr'>me,</span> <span class='ocrx_word' id='word_1_719' title='bbox 1272 4437 1302 4493; x_wconf 93' lang='lat' dir='ltr'>id</span> <span class='ocrx_word' id='word_1_720' title='bbox 1316 4442 1368 4507; x_wconf 85' lang='lat' dir='ltr'>est,</span> <span class='ocrx_word' id='word_1_721' title='bbox 1383 4441 1598 4497; x_wconf 83' lang='lat' dir='ltr'>considerantes</span> <span class='ocrx_word' id='word_1_722' title='bbox 1613 4459 1662 4499; x_wconf 88' lang='lat' dir='ltr'>me</span> <span class='ocrx_word' id='word_1_723' title='bbox 1683 4446 1780 4510; x_wconf 89' lang='lat' dir='ltr'>talem,</span> 
     </span>
     <span class='ocr_line' id='line_1_59' title="bbox 118 4523 1780 4603; baseline 0.001 -18"><span class='ocrx_word' id='word_1_724' title='bbox 118 4530 312 4603; x_wconf 84' lang='lat' dir='ltr'>quamvisboc</span> <span class='ocrx_word' id='word_1_725' title='bbox 323 4530 370 4597; x_wconf 89' lang='lat' dir='ltr'>sit,</span> <span class='ocrx_word' id='word_1_726' title='bbox 384 4529 498 4595; x_wconf 77' lang='lat' dir='ltr'>liabitas,</span> <span class='ocrx_word' id='word_1_727' title='bbox 514 4528 542 4582; x_wconf 92' lang='lat' dir='ltr'>id</span> <span class='ocrx_word' id='word_1_728' title='bbox 556 4531 598 4585; x_wconf 89' lang='lat' dir='ltr'>est</span> <span class='ocrx_word' id='word_1_729' title='bbox 606 4527 803 4582; x_wconf 87' lang='lat' dir='ltr'>indesinenter</span> <span class='ocrx_word' id='word_1_730' title='bbox 813 4542 923 4592; x_wconf 75' lang='lat' dir='ltr'>manee,</span> <span class='ocrx_word' id='word_1_731' title='bbox 974 4523 1003 4579; x_wconf 95' lang='lat' dir='ltr'>id</span> <span class='ocrx_word' id='word_1_732' title='bbox 1016 4529 1059 4580; x_wconf 88' lang='lat' dir='ltr'>est</span> <span class='ocrx_word' id='word_1_733' title='bbox 1071 4525 1259 4598; x_wconf 89' lang='lat' dir='ltr'>opprobrium</span> <span class='ocrx_word' id='word_1_734' title='bbox 1284 4530 1312 4580; x_wconf 93' lang='lat' dir='ltr'>et</span> <span class='ocrx_word' id='word_1_735' title='bbox 1334 4527 1539 4599; x_wconf 89' lang='lat' dir='ltr'>abjectionem,</span> <span class='ocrx_word' id='word_1_736' title='bbox 1561 4547 1620 4587; x_wconf 90' lang='lat' dir='ltr'>nen</span> <span class='ocrx_word' id='word_1_737' title='bbox 1644 4534 1737 4588; x_wconf 82' lang='lat' dir='ltr'>[taum</span> <span class='ocrx_word' id='word_1_738' title='bbox 1753 4536 1780 4587; x_wconf 88' lang='lat' dir='ltr'>et</span> 
     </span>
     <span class='ocr_line' id='line_1_60' title="bbox 117 4614 1779 4693; baseline 0.002 -19"><span class='ocrx_word' id='word_1_739' title='bbox 117 4618 485 4689; x_wconf 84' lang='lat' dir='ltr'>licetvideariselongatus.</span> <span class='ocrx_word' id='word_1_740' title='bbox 503 4618 533 4669; x_wconf 91' lang='lat' dir='ltr'>tu</span> <span class='ocrx_word' id='word_1_741' title='bbox 554 4633 600 4670; x_wconf 89' lang='lat' dir='ltr'>me</span> <span class='ocrx_word' id='word_1_742' title='bbox 621 4616 725 4671; x_wconf 86' lang='lat' dir='ltr'>Sancto</span> <span class='ocrx_word' id='word_1_743' title='bbox 745 4620 921 4682; x_wconf 88' lang='lat' dir='ltr'>sauctorum,</span> <span class='ocrx_word' id='word_1_744' title='bbox 972 4614 1581 4689; x_wconf 84' lang='lat' dir='ltr'>heminem‚deriseruntrne,eonspueudoet</span> <span class='ocrx_word' id='word_1_745' title='bbox 1597 4622 1779 4693; x_wconf 83' lang='lat' dir='ltr'>colaphizan-</span> 
     </span>
     <span class='ocr_line' id='line_1_61' title="bbox 117 4702 1784 4777; baseline -0.001 -13"><span class='ocrx_word' id='word_1_746' title='bbox 117 4707 357 4772; x_wconf 88' lang='lat' dir='ltr'>antenemastiee,</span> <span class='ocrx_word' id='word_1_747' title='bbox 373 4707 417 4760; x_wconf 90' lang='lat' dir='ltr'>vel</span> <span class='ocrx_word' id='word_1_748' title='bbox 433 4704 619 4777; x_wconf 81' lang='lat' dir='ltr'>quindixerat</span> <span class='ocrx_word' id='word_1_749' title='bbox 633 4721 662 4759; x_wconf 87' lang='lat' dir='ltr'>se</span> <span class='ocrx_word' id='word_1_750' title='bbox 678 4705 846 4759; x_wconf 88' lang='lat' dir='ltr'>derelictum</span> <span class='ocrx_word' id='word_1_751' title='bbox 862 4717 923 4756; x_wconf 82' lang='lat' dir='ltr'>esse</span> <span class='ocrx_word' id='word_1_752' title='bbox 973 4702 1123 4758; x_wconf 76' lang='lat' dir='ltr'>delltnon</span> <span class='ocrx_word' id='word_1_753' title='bbox 1135 4704 1228 4758; x_wconf 89' lang='lat' dir='ltr'>solum</span> <span class='ocrx_word' id='word_1_754' title='bbox 1237 4705 1276 4759; x_wconf 89' lang='lat' dir='ltr'>sie</span> <span class='ocrx_word' id='word_1_755' title='bbox 1284 4722 1331 4759; x_wconf 93' lang='lat' dir='ltr'>me</span> <span class='ocrx_word' id='word_1_756' title='bbox 1340 4705 1512 4774; x_wconf 89' lang='lat' dir='ltr'>deriserunt,</span> <span class='ocrx_word' id='word_1_757' title='bbox 1525 4710 1574 4763; x_wconf 90' lang='lat' dir='ltr'>sed</span> <span class='ocrx_word' id='word_1_758' title='bbox 1590 4709 1680 4765; x_wconf 91' lang='lat' dir='ltr'>etiam</span> <span class='ocrx_word' id='word_1_759' title='bbox 1703 4711 1784 4776; x_wconf 61' lang='lat' dir='ltr'>locut,¹</span> 
     </span>
     <span class='ocr_line' id='line_1_62' title="bbox 117 4782 1781 4868; baseline 0.003 -17"><span class='ocrx_word' id='word_1_760' title='bbox 117 4796 146 4851; x_wconf 88' lang='lat' dir='ltr'>iu</span> <span class='ocrx_word' id='word_1_761' title='bbox 164 4798 257 4851; x_wconf 88' lang='lat' dir='ltr'>morte</span> <span class='ocrx_word' id='word_1_762' title='bbox 277 4798 397 4868; x_wconf 88' lang='lat' dir='ltr'>propter</span> <span class='ocrx_word' id='word_1_763' title='bbox 412 4794 510 4861; x_wconf 89' lang='lat' dir='ltr'>verba,</span> <span class='ocrx_word' id='word_1_764' title='bbox 526 4793 555 4847; x_wconf 92' lang='lat' dir='ltr'>id</span> <span class='ocrx_word' id='word_1_765' title='bbox 571 4795 620 4864; x_wconf 89' lang='lat' dir='ltr'>est</span> <span class='ocrx_word' id='word_1_766' title='bbox 635 4795 754 4865; x_wconf 86' lang='lat' dir='ltr'>propter</span> <span class='ocrx_word' id='word_1_767' title='bbox 770 4791 924 4864; x_wconf 87' lang='lat' dir='ltr'>petitiones</span> <span class='ocrx_word' id='word_1_768' title='bbox 972 4797 1033 4844; x_wconf 74' lang='lat' dir='ltr'>sunt</span> <span class='ocrx_word' id='word_1_769' title='bbox 1047 4790 1133 4856; x_wconf 83' lang='lat' dir='ltr'>tabiis,</span> <span class='ocrx_word' id='word_1_770' title='bbox 1151 4807 1210 4845; x_wconf 90' lang='lat' dir='ltr'>nen</span> <span class='ocrx_word' id='word_1_771' title='bbox 1231 4794 1318 4848; x_wconf 88' lang='lat' dir='ltr'>corde</span> <span class='ocrx_word' id='word_1_772' title='bbox 1337 4795 1415 4863; x_wconf 81' lang='lat' dir='ltr'>solo3</span> <span class='ocrx_word' id='word_1_773' title='bbox 1431 4799 1460 4849; x_wconf 86' lang='lat' dir='ltr'>et</span> <span class='ocrx_word' id='word_1_774' title='bbox 1483 4796 1627 4868; x_wconf 89' lang='lat' dir='ltr'>loquendo</span> <span class='ocrx_word' id='word_1_775' title='bbox 1644 4782 1781 4855; x_wconf 79' lang='lat' dir='ltr'>arcuerunt</span> 
     </span>
     <span class='ocr_line' id='line_1_63' title="bbox 117 4877 1783 4960; baseline 0.003 -21"><span class='ocrx_word' id='word_1_776' title='bbox 117 4885 414 4940; x_wconf 88' lang='lat' dir='ltr'>delictorumsuorum</span> <span class='ocrx_word' id='word_1_777' title='bbox 426 4882 627 4937; x_wconf 90' lang='lat' dir='ltr'>membrorum</span> <span class='ocrx_word' id='word_1_778' title='bbox 636 4883 923 4952; x_wconf 86' lang='lat' dir='ltr'>utcompleantur‚ne</span> <span class='ocrx_word' id='word_1_779' title='bbox 972 4884 1051 4948; x_wconf 86' lang='lat' dir='ltr'>ceput</span> <span class='ocrx_word' id='word_1_780' title='bbox 1067 4877 1213 4934; x_wconf 87' lang='lat' dir='ltr'>derisorie.</span> <span class='ocrx_word' id='word_1_781' title='bbox 1222 4881 1300 4944; x_wconf 84' lang='lat' dir='ltr'>Dice,</span> <span class='ocrx_word' id='word_1_782' title='bbox 1317 4881 1399 4935; x_wconf 85' lang='lat' dir='ltr'>locuti</span> <span class='ocrx_word' id='word_1_783' title='bbox 1408 4890 1481 4946; x_wconf 80' lang='lat' dir='ltr'>sunt,</span> <span class='ocrx_word' id='word_1_784' title='bbox 1498 4885 1627 4940; x_wconf 88' lang='lat' dir='ltr'>dieentes</span> <span class='ocrx_word' id='word_1_785' title='bbox 1638 4905 1645 4941; x_wconf 91' lang='lat'><strong>:</strong></span> <span class='ocrx_word' id='word_1_786' title='bbox 1657 4888 1783 4960; x_wconf 84' lang='lat' dir='ltr'>Spereeit</span> 
     </span>
     <span class='ocr_line' id='line_1_64' title="bbox 116 4965 1783 5046; baseline 0.004 -19"><span class='ocrx_word' id='word_1_787' title='bbox 116 4979 266 5045; x_wconf 83' lang='lat' dir='ltr'>putaretur</span> <span class='ocrx_word' id='word_1_788' title='bbox 276 4973 353 5045; x_wconf 87' lang='lat' dir='ltr'>quod</span> <span class='ocrx_word' id='word_1_789' title='bbox 371 4972 503 5026; x_wconf 85' lang='lat' dir='ltr'>similiter</span> <span class='ocrx_word' id='word_1_790' title='bbox 520 4970 685 5042; x_wconf 87' lang='lat' dir='ltr'>peremnia</span> <span class='ocrx_word' id='word_1_791' title='bbox 699 4969 922 5035; x_wconf 86' lang='lat' dir='ltr'>exaudirentur;</span> <span class='ocrx_word' id='word_1_792' title='bbox 973 4969 1002 5021; x_wconf 83' lang='lat' dir='ltr'>iu</span> <span class='ocrx_word' id='word_1_793' title='bbox 1014 4965 1144 5030; x_wconf 83' lang='lat' dir='ltr'>Domine,</span> <span class='ocrx_word' id='word_1_794' title='bbox 1161 4967 1247 5023; x_wconf 89' lang='lat' dir='ltr'>idest</span> <span class='ocrx_word' id='word_1_795' title='bbox 1267 4969 1336 5024; x_wconf 90' lang='lat' dir='ltr'>dicit</span> <span class='ocrx_word' id='word_1_796' title='bbox 1347 4987 1377 5024; x_wconf 90' lang='lat' dir='ltr'>se</span> <span class='ocrx_word' id='word_1_797' title='bbox 1391 4987 1518 5042; x_wconf 80' lang='lat' dir='ltr'>sperasse</span> <span class='ocrx_word' id='word_1_798' title='bbox 1534 4975 1563 5028; x_wconf 91' lang='lat' dir='ltr'>in</span> <span class='ocrx_word' id='word_1_799' title='bbox 1578 4976 1723 5046; x_wconf 87' lang='lat' dir='ltr'>Domine;</span> <span class='ocrx_word' id='word_1_800' title='bbox 1737 4982 1783 5033; x_wconf 85' lang='lat' dir='ltr'>eri·</span> 
     </span>
     <span class='ocr_line' id='line_1_65' title="bbox 116 5056 1783 5132; baseline 0.004 -17"><span class='ocrx_word' id='word_1_801' title='bbox 116 5062 169 5116; x_wconf 90' lang='lat' dir='ltr'>boe</span> <span class='ocrx_word' id='word_1_802' title='bbox 182 5067 276 5117; x_wconf 92' lang='lat' dir='ltr'>totum</span> <span class='ocrx_word' id='word_1_803' title='bbox 291 5061 414 5116; x_wconf 91' lang='lat' dir='ltr'>remotio</span> <span class='ocrx_word' id='word_1_804' title='bbox 422 5060 460 5113; x_wconf 89' lang='lat' dir='ltr'>sie</span> <span class='ocrx_word' id='word_1_805' title='bbox 472 5075 533 5112; x_wconf 89' lang='lat' dir='ltr'>esse</span> <span class='ocrx_word' id='word_1_806' title='bbox 546 5061 640 5129; x_wconf 88' lang='lat' dir='ltr'>potest</span> <span class='ocrx_word' id='word_1_807' title='bbox 653 5075 659 5112; x_wconf 90' lang='lat'>:</span> <span class='ocrx_word' id='word_1_808' title='bbox 672 5058 739 5113; x_wconf 81' lang='lat' dir='ltr'>llice</span> <span class='ocrx_word' id='word_1_809' title='bbox 750 5057 828 5128; x_wconf 92' lang='lat' dir='ltr'>quod</span> <span class='ocrx_word' id='word_1_810' title='bbox 839 5056 925 5110; x_wconf 88' lang='lat' dir='ltr'>verba</span> <span class='ocrx_word' id='word_1_811' title='bbox 969 5057 1028 5124; x_wconf 84' lang='lat' dir='ltr'>piat</span> <span class='ocrx_word' id='word_1_812' title='bbox 1038 5072 1098 5108; x_wconf 85' lang='lat' dir='ltr'>eum</span> <span class='ocrx_word' id='word_1_813' title='bbox 1113 5056 1148 5110; x_wconf 91' lang='lat' dir='ltr'>de</span> <span class='ocrx_word' id='word_1_814' title='bbox 1163 5059 1305 5126; x_wconf 89' lang='lat' dir='ltr'>potestate</span> <span class='ocrx_word' id='word_1_815' title='bbox 1320 5062 1428 5113; x_wconf 88' lang='lat' dir='ltr'>nostra.</span> <span class='ocrx_word' id='word_1_816' title='bbox 1453 5059 1565 5116; x_wconf 70' lang='lat' dir='ltr'>Saturum</span> <span class='ocrx_word' id='word_1_817' title='bbox 1583 5064 1674 5132; x_wconf 81' lang='lat' dir='ltr'>faciut</span> <span class='ocrx_word' id='word_1_818' title='bbox 1696 5083 1783 5121; x_wconf 76' lang='lat' dir='ltr'>erema</span> 
     </span>
     <span class='ocr_line' id='line_1_66' title="bbox 116 5145 1784 5226; baseline 0.003 -22"><span class='ocrx_word' id='word_1_819' title='bbox 116 5149 288 5205; x_wconf 89' lang='lat' dir='ltr'>delictorum</span> <span class='ocrx_word' id='word_1_820' title='bbox 306 5149 422 5203; x_wconf 91' lang='lat' dir='ltr'>illorum</span> <span class='ocrx_word' id='word_1_821' title='bbox 436 5148 583 5218; x_wconf 87' lang='lat' dir='ltr'>postulant</span> <span class='ocrx_word' id='word_1_822' title='bbox 601 5149 630 5199; x_wconf 94' lang='lat' dir='ltr'>ut</span> <span class='ocrx_word' id='word_1_823' title='bbox 646 5145 683 5199; x_wconf 86' lang='lat' dir='ltr'>sis</span> <span class='ocrx_word' id='word_1_824' title='bbox 699 5145 784 5215; x_wconf 86' lang='lat' dir='ltr'>leuge</span> <span class='ocrx_word' id='word_1_825' title='bbox 804 5161 821 5198; x_wconf 91' lang='lat' dir='ltr'>a</span> <span class='ocrx_word' id='word_1_826' title='bbox 834 5145 925 5198; x_wconf 87' lang='lat' dir='ltr'>salute</span> <span class='ocrx_word' id='word_1_827' title='bbox 973 5146 1079 5206; x_wconf 86' lang='lat' dir='ltr'>morte,</span> <span class='ocrx_word' id='word_1_828' title='bbox 1092 5145 1284 5215; x_wconf 84' lang='lat' dir='ltr'>quoniumvutt</span> <span class='ocrx_word' id='word_1_829' title='bbox 1298 5163 1368 5208; x_wconf 83' lang='lat' dir='ltr'>eum,</span> <span class='ocrx_word' id='word_1_830' title='bbox 1380 5146 1409 5201; x_wconf 93' lang='lat' dir='ltr'>id</span> <span class='ocrx_word' id='word_1_831' title='bbox 1424 5151 1466 5202; x_wconf 91' lang='lat' dir='ltr'>est</span> <span class='ocrx_word' id='word_1_832' title='bbox 1479 5149 1571 5222; x_wconf 90' lang='lat' dir='ltr'>diligit</span> <span class='ocrx_word' id='word_1_833' title='bbox 1584 5167 1651 5205; x_wconf 91' lang='lat' dir='ltr'>eum</span> <span class='ocrx_word' id='word_1_834' title='bbox 1663 5153 1784 5226; x_wconf 86' lang='lat' dir='ltr'>sicutip-</span> 
     </span>
     <span class='ocr_line' id='line_1_67' title="bbox 115 5231 1782 5308; baseline 0.001 -15"><span class='ocrx_word' id='word_1_835' title='bbox 115 5256 196 5308; x_wconf 79' lang='lat' dir='ltr'>mea3</span> <span class='ocrx_word' id='word_1_836' title='bbox 208 5239 276 5293; x_wconf 88' lang='lat' dir='ltr'>etin</span> <span class='ocrx_word' id='word_1_837' title='bbox 289 5240 341 5293; x_wconf 89' lang='lat' dir='ltr'>bos</span> <span class='ocrx_word' id='word_1_838' title='bbox 352 5237 555 5301; x_wconf 85' lang='lat' dir='ltr'>exaudiuntur,</span> <span class='ocrx_word' id='word_1_839' title='bbox 568 5237 702 5288; x_wconf 89' lang='lat' dir='ltr'>ettamen</span> <span class='ocrx_word' id='word_1_840' title='bbox 712 5250 770 5287; x_wconf 89' lang='lat' dir='ltr'>uon</span> <span class='ocrx_word' id='word_1_841' title='bbox 783 5235 885 5305; x_wconf 89' lang='lat' dir='ltr'>putent</span> <span class='ocrx_word' id='word_1_842' title='bbox 895 5246 924 5286; x_wconf 88' lang='lat' dir='ltr'>se</span> <span class='ocrx_word' id='word_1_843' title='bbox 974 5246 1003 5283; x_wconf 88' lang='lat' dir='ltr'>se</span> <span class='ocrx_word' id='word_1_844' title='bbox 1016 5232 1125 5297; x_wconf 86' lang='lat' dir='ltr'>asserit,</span> <span class='ocrx_word' id='word_1_845' title='bbox 1136 5235 1166 5285; x_wconf 90' lang='lat' dir='ltr'>ut</span> <span class='ocrx_word' id='word_1_846' title='bbox 1175 5231 1203 5285; x_wconf 91' lang='lat' dir='ltr'>in</span> <span class='ocrx_word' id='word_1_847' title='bbox 1219 5233 1386 5304; x_wconf 86' lang='lat' dir='ltr'>Evangelio:</span> <span class='ocrx_word' id='word_1_848' title='bbox 1400 5258 1413 5284; x_wconf 83' lang='lat' dir='ltr'>u</span> <span class='ocrx_word' id='word_1_849' title='bbox 1425 5235 1550 5292; x_wconf 87' lang='lat' dir='ltr'>Contldit</span> <span class='ocrx_word' id='word_1_850' title='bbox 1559 5239 1588 5293; x_wconf 91' lang='lat' dir='ltr'>in</span> <span class='ocrx_word' id='word_1_851' title='bbox 1600 5239 1671 5307; x_wconf 87' lang='lat' dir='ltr'>Deo,</span> <span class='ocrx_word' id='word_1_852' title='bbox 1681 5242 1782 5297; x_wconf 87' lang='lat' dir='ltr'>liberet</span> 
     </span>
     <span class='ocr_line' id='line_1_68' title="bbox 115 5320 1781 5398; baseline 0.002 -17"><span class='ocrx_word' id='word_1_853' title='bbox 115 5328 281 5398; x_wconf 88' lang='lat' dir='ltr'>peremnia</span> <span class='ocrx_word' id='word_1_854' title='bbox 304 5325 499 5380; x_wconf 86' lang='lat' dir='ltr'>exaudiendos</span> <span class='ocrx_word' id='word_1_855' title='bbox 522 5340 594 5390; x_wconf 87' lang='lat' dir='ltr'>esse,</span> <span class='ocrx_word' id='word_1_856' title='bbox 619 5340 635 5376; x_wconf 93' lang='lat' dir='ltr'>o</span> <span class='ocrx_word' id='word_1_857' title='bbox 659 5321 730 5375; x_wconf 87' lang='lat' dir='ltr'>Deus</span> <span class='ocrx_word' id='word_1_858' title='bbox 754 5338 834 5377; x_wconf 79' lang='lat' dir='ltr'>meris.</span> <span class='ocrx_word' id='word_1_859' title='bbox 852 5321 925 5374; x_wconf 79' lang='lat' dir='ltr'>Nam</span> <span class='ocrx_word' id='word_1_860' title='bbox 975 5334 1051 5372; x_wconf 88' lang='lat' dir='ltr'>nunc</span> <span class='ocrx_word' id='word_1_861' title='bbox 1066 5335 1133 5373; x_wconf 91' lang='lat' dir='ltr'>eum</span> <span class='ocrx_word' id='word_1_862' title='bbox 1144 5320 1165 5373; x_wconf 89' lang='lat' dir='ltr'>si</span> <span class='ocrx_word' id='word_1_863' title='bbox 1178 5321 1246 5386; x_wconf 91' lang='lat' dir='ltr'>vult,</span> <span class='ocrx_word' id='word_1_864' title='bbox 1262 5324 1341 5376; x_wconf 76' lang='lat' dir='ltr'>sete.</span> <span class='ocrx_word' id='word_1_865' title='bbox 1356 5321 1447 5393; x_wconf 84' lang='lat' dir='ltr'>(Meti.</span> <span class='ocrx_word' id='word_1_866' title='bbox 1462 5340 1535 5392; x_wconf 80' lang='lat' dir='ltr'>xxix,</span> <span class='ocrx_word' id='word_1_867' title='bbox 1553 5326 1611 5398; x_wconf 81' lang='lat' dir='ltr'>ta).</span> <span class='ocrx_word' id='word_1_868' title='bbox 1628 5329 1662 5382; x_wconf 77' lang='lat' dir='ltr'>ct</span> <span class='ocrx_word' id='word_1_869' title='bbox 1676 5330 1781 5385; x_wconf 88' lang='lat' dir='ltr'>hecto·</span> 
     </span>
     <span class='ocr_line' id='line_1_69' title="bbox 114 5408 1781 5486; baseline 0.001 -16"><span class='ocrx_word' id='word_1_870' title='bbox 114 5432 169 5486; x_wconf 89' lang='lat' dir='ltr'>ego</span> <span class='ocrx_word' id='word_1_871' title='bbox 191 5416 321 5479; x_wconf 73' lang='lat' dir='ltr'>claritate,</span> <span class='ocrx_word' id='word_1_872' title='bbox 340 5415 369 5468; x_wconf 92' lang='lat' dir='ltr'>id</span> <span class='ocrx_word' id='word_1_873' title='bbox 387 5418 424 5468; x_wconf 89' lang='lat' dir='ltr'>est</span> <span class='ocrx_word' id='word_1_874' title='bbox 445 5413 500 5467; x_wconf 89' lang='lat' dir='ltr'>mei</span> <span class='ocrx_word' id='word_1_875' title='bbox 516 5412 683 5465; x_wconf 83' lang='lat' dir='ltr'>clamabunt</span> <span class='ocrx_word' id='word_1_876' title='bbox 695 5410 731 5464; x_wconf 89' lang='lat' dir='ltr'>ad</span> <span class='ocrx_word' id='word_1_877' title='bbox 745 5413 772 5463; x_wconf 90' lang='lat' dir='ltr'>te</span> <span class='ocrx_word' id='word_1_878' title='bbox 781 5428 831 5479; x_wconf 81' lang='lat' dir='ltr'>per</span> <span class='ocrx_word' id='word_1_879' title='bbox 844 5409 923 5475; x_wconf 77' lang='lat' dir='ltr'>dieu,</span> <span class='ocrx_word' id='word_1_880' title='bbox 974 5409 1036 5461; x_wconf 87' lang='lat' dir='ltr'>tum</span> <span class='ocrx_word' id='word_1_881' title='bbox 1052 5411 1141 5475; x_wconf 62' lang='lat' dir='ltr'>ester</span> <span class='ocrx_word' id='word_1_882' title='bbox 1156 5408 1179 5461; x_wconf 87' lang='lat' dir='ltr'>si</span> <span class='ocrx_word' id='word_1_883' title='bbox 1194 5408 1284 5463; x_wconf 86' lang='lat' dir='ltr'>dieat:</span> <span class='ocrx_word' id='word_1_884' title='bbox 1295 5410 1358 5465; x_wconf 74' lang='lat' dir='ltr'>uec</span> <span class='ocrx_word' id='word_1_885' title='bbox 1372 5414 1414 5465; x_wconf 90' lang='lat' dir='ltr'>est</span> <span class='ocrx_word' id='word_1_886' title='bbox 1430 5430 1515 5468; x_wconf 85' lang='lat' dir='ltr'>eausa</span> <span class='ocrx_word' id='word_1_887' title='bbox 1527 5415 1781 5486; x_wconf 83' lang='lat' dir='ltr'>quarederelictus</span> 
     </span>
     <span class='ocr_line' id='line_1_70' title="bbox 113 5497 1779 5580; baseline 0.007 -26"><span class='ocrx_word' id='word_1_888' title='bbox 113 5501 142 5555; x_wconf 91' lang='lat' dir='ltr'>id</span> <span class='ocrx_word' id='word_1_889' title='bbox 156 5506 256 5572; x_wconf 86' lang='lat' dir='ltr'>estper</span> <span class='ocrx_word' id='word_1_890' title='bbox 267 5502 502 5573; x_wconf 81' lang='lat' dir='ltr'>prosperitatem,</span> <span class='ocrx_word' id='word_1_891' title='bbox 512 5499 680 5564; x_wconf 88' lang='lat' dir='ltr'>uedellciat,</span> <span class='ocrx_word' id='word_1_892' title='bbox 693 5505 717 5552; x_wconf 89' lang='lat' dir='ltr'>et</span> <span class='ocrx_word' id='word_1_893' title='bbox 724 5515 776 5551; x_wconf 82' lang='lat' dir='ltr'>uon</span> <span class='ocrx_word' id='word_1_894' title='bbox 788 5498 923 5552; x_wconf 81' lang='lat' dir='ltr'>eemrdies.</span> <span class='ocrx_word' id='word_1_895' title='bbox 975 5497 1082 5553; x_wconf 89' lang='lat' dir='ltr'>videor.</span> <span class='ocrx_word' id='word_1_896' title='bbox 1091 5499 1161 5552; x_wconf 82' lang='lat' dir='ltr'>Nam</span> <span class='ocrx_word' id='word_1_897' title='bbox 1172 5502 1387 5569; x_wconf 87' lang='lat' dir='ltr'>patresnostros</span> <span class='ocrx_word' id='word_1_898' title='bbox 1399 5503 1448 5574; x_wconf 91' lang='lat' dir='ltr'>qui</span> <span class='ocrx_word' id='word_1_899' title='bbox 1464 5504 1559 5560; x_wconf 75' lang='lat' dir='ltr'>suiuus</span> <span class='ocrx_word' id='word_1_900' title='bbox 1570 5497 1618 5561; x_wconf 62' lang='lat' dir='ltr'>m&#39;e</span> <span class='ocrx_word' id='word_1_901' title='bbox 1627 5506 1779 5580; x_wconf 86' lang='lat' dir='ltr'>dignilue·</span> 
     </span>
     <span class='ocr_line' id='line_1_71' title="bbox 113 5586 1779 5661; baseline 0.007 -17"><span class='ocrx_word' id='word_1_902' title='bbox 113 5588 151 5644; x_wconf 85' lang='lat' dir='ltr'>Et</span> <span class='ocrx_word' id='word_1_903' title='bbox 161 5596 246 5652; x_wconf 83' lang='lat' dir='ltr'>nocte,</span> <span class='ocrx_word' id='word_1_904' title='bbox 260 5589 289 5643; x_wconf 90' lang='lat' dir='ltr'>id</span> <span class='ocrx_word' id='word_1_905' title='bbox 298 5593 340 5643; x_wconf 85' lang='lat' dir='ltr'>est</span> <span class='ocrx_word' id='word_1_906' title='bbox 349 5605 402 5661; x_wconf 89' lang='lat' dir='ltr'>per</span> <span class='ocrx_word' id='word_1_907' title='bbox 410 5588 623 5660; x_wconf 88' lang='lat' dir='ltr'>adversitatem,</span> <span class='ocrx_word' id='word_1_908' title='bbox 636 5592 668 5643; x_wconf 91' lang='lat' dir='ltr'>ut</span> <span class='ocrx_word' id='word_1_909' title='bbox 682 5587 806 5644; x_wconf 88' lang='lat' dir='ltr'>detleiat.</span> <span class='ocrx_word' id='word_1_910' title='bbox 819 5586 857 5641; x_wconf 85' lang='lat' dir='ltr'>Et</span> <span class='ocrx_word' id='word_1_911' title='bbox 870 5603 923 5642; x_wconf 82' lang='lat' dir='ltr'>non</span> <span class='ocrx_word' id='word_1_912' title='bbox 974 5590 1052 5657; x_wconf 86' lang='lat' dir='ltr'>runt,</span> <span class='ocrx_word' id='word_1_913' title='bbox 1063 5586 1210 5642; x_wconf 80' lang='lat' dir='ltr'>exauditos</span> <span class='ocrx_word' id='word_1_914' title='bbox 1218 5587 1253 5642; x_wconf 87' lang='lat' dir='ltr'>de</span> <span class='ocrx_word' id='word_1_915' title='bbox 1263 5587 1495 5647; x_wconf 86' lang='lat' dir='ltr'>tribulationibus</span> <span class='ocrx_word' id='word_1_916' title='bbox 1507 5593 1644 5651; x_wconf 86' lang='lat' dir='ltr'>liberasti.</span> <span class='ocrx_word' id='word_1_917' title='bbox 1654 5596 1697 5653; x_wconf 82' lang='lat' dir='ltr'>lte</span> <span class='ocrx_word' id='word_1_918' title='bbox 1712 5614 1779 5657; x_wconf 83' lang='lat' dir='ltr'>vere</span> 
     </span>
    </p>
   </div>
   <div class='ocr_carea' id='block_1_8' title="bbox 0 0 1899 5970">
    <p class='ocr_par' dir='ltr' id='par_1_9' title="bbox 0 0 1899 5970">
     <span class='ocr_line' id='line_1_72' title="bbox 0 0 1899 5970; baseline 0 0"><span class='ocrx_word' id='word_1_919' title='bbox 0 0 1899 5970; x_wconf 95' lang='lat' dir='ltr'> </span> 
     </span>
    </p>
   </div>
  </div>
 </body>
</html>
