3772 5976
61 297 113 356 ιιι
852 282 943 342 ACTA
1275 295 1277 301 ’
1678 297 1729 356 ιιι

57 421 117 477 tit:
136 442 152 472 ιι
168 419 205 476 Ut
223 420 289 475 utar
302 414 423 474 omnino
443 413 536 472 vorbis
551 412 663 488 scriptis
682 412 711 469 in
737 410 909 485 LegendaA
925 407 1079 480 invenitur,
1097 409 1223 484 talisque
1238 409 1328 468 videri
1342 413 1445 487 potest.
1463 414 1504 481 ut,
1518 411 1540 470 si
1551 415 1728 490 contigisset,

56 510 130 565 Vitae
147 509 176 565 S.
201 507 329 581 llugonis
349 507 473 580 episcopi
490 504 662 572 memorati;
677 523 690 553 n
713 520 745 558 ac
766 501 871 558 deinde
923 503 1153 555 commemorata
1179 502 1380 557 verosimiliter
1401 504 1436 559 ab
1458 503 1535 559 hisco
1554 505 1662 575 luisset,
1677 524 1730 564 nec

55 598 187 654 recitatis
202 597 347 663 omnibus,
370 613 434 668 quas
456 595 492 650 ad
515 594 544 649 S.
565 595 731 648 Brunonem
752 591 871 662 ejusque
920 590 1075 661 propterca
1090 592 1188 644 tamen
1201 590 1279 645 illam
1295 591 1398 646 falsam
1413 609 1485 660 esse,
1500 595 1549 647 aut
1558 611 1661 666 parum
1681 612 1728 651 ve-

56 687 151 743 socios
160 687 301 759 spectant,
313 685 449 758 Guigonis
459 682 552 738 verbis
564 681 727 754 subjungit:
740 702 754 729 u
766 679 871 735 Omnia
920 676 1090 744 rosimilem,
1116 678 1220 734 merito
1241 679 1304 751 quis
1328 681 1533 752 pronuntiarit.
1562 683 1673 752 Fateor,
1691 684 1731 762 sic

55 775 199 847 predicta
212 776 280 830 sunt
294 775 381 829 verba
394 772 496 829 domni
510 770 645 843 Guigonis
655 770 760 842 scripta
768 769 798 823 in
808 768 872 824 Vita
920 766 1027 822 habet:
1048 783 1148 822 verum
1169 768 1237 840 quid
1252 769 1336 824 tum‘l
1352 770 1408 824 Cur
1423 769 1532 826 cadem
1546 772 1636 841 illam,
1653 776 1684 828 ut
1699 775 1730 830 ut

56 865 86 920 S.
105 864 236 936 Hugonis
249 861 506 935 Gratianopolitani
526 860 686 933 episcopi.»
699 860 783 914 Num.
797 860 831 914 21
841 860 871 911 et
920 858 1021 911 notatu
1035 856 1233 928 dignissimam
1248 857 1482 931 notisimamque,
1497 860 1650 932 scriptores
1662 880 1728 935 syn·

56 955 162 1009 ultimo
181 951 228 1008 ubi
246 956 369 1023 tempus,
395 968 451 1024 quo
467 952 581 1005 sanctus
600 951 666 1021 pust
691 962 869 1020 egressume
919 944 1019 1000 chroni
1040 945 1153 1000 silentio
1174 945 1375 1016 praeterierint,
1399 947 1526 1003 rationes
1544 966 1601 1005 non
1625 950 1729 1022 incptae

56 1040 211 1097 carthusia
219 1040 296 1095 dium
312 1043 473 1095 extremum
490 1037 633 1105 clauserit,
651 1039 800 1108 equatuor
811 1034 868 1106 pri·
920 1035 996 1106 apud
1010 1051 1062 1089 uos
1074 1037 1146 1089 tom.
1162 1035 1195 1088 lV
1206 1034 1393 1108 Septembris,
1406 1036 1436 1091 in
1448 1054 1504 1108 quo
1517 1037 1551 1093 de
1560 1040 1665 1094 sanctis
1674 1040 1730 1095 illis

56 1146 176 1185 morum
193 1128 349 1183 Carthusiar
364 1128 494 1199 priorum
511 1127 662 1194 Chronico,
673 1123 869 1197 antiquisGui·
920 1125 1095 1196 martyribus
1109 1141 1126 1179 a
1138 1141 1205 1197 pag.
1221 1127 1271 1180 303
1288 1129 1395 1195 actum,
1408 1125 1438 1181 in
1450 1127 1614 1183 Commeat.
1631 1131 1668 1184 ad
1680 1130 1731 1186 ho·

55 1218 142 1290 gonis
158 1217 216 1289 (adi
232 1233 313 1272 num.
330 1217 356 1289 6)
373 1215 634 1272 Consuetudinibus
651 1213 779 1285 praellro,
795 1212 869 1267 desi·
919 1230 984 1269 rum
1006 1216 1075 1270 dcte
1087 1214 1205 1287 praevio,
1222 1218 1264 1284 §7
1281 1215 1458 1286 redduntur,
1476 1218 1552 1289 quod
1575 1234 1641 1273 cum
1667 1219 1729 1276 fieri

54 1307 168 1379 gnavit,
182 1323 249 1361 mor
258 1306 371 1361 subdit:
386 1304 521 1359 «Sicutin
533 1304 611 1359 libris
623 1303 869 1359 consuetudinum
919 1306 1024 1378 potest,
1039 1321 1086 1359 seu
1104 1305 1198 1376 potius
1213 1305 1255 1373 fit,
1272 1307 1452 1378 argumentis
1469 1307 1617 1378 negativis,
1633 1326 1696 1382 quar
1711 1327 1730 1366 a

55 1395 160 1452 domni
183 1395 329 1468 Guigonis,
353 1412 416 1467 quae
442 1395 562 1450 suntin
588 1393 676 1449 domo
702 1391 868 1460 Carthusiae,
919 1394 1090 1466 scriptorum
1119 1394 1232 1449 silentio
1249 1398 1396 1466 petuntur,
1416 1396 1474 1451 vim
1496 1397 1605 1454 nullam
1624 1397 1728 1467 inesse,

54 1487 233 1543 continetur.
250 1506 264 1536 u
281 1485 398 1550 Quodsi
411 1485 519 1558 itaque,
535 1501 623 1557 quam
645 1484 754 1548 narrat,
769 1479 868 1555 prodi·
921 1482 998 1554 apud
1014 1499 1116 1537 omues
1131 1482 1161 1537 in
1176 1483 1306 1539 confesso
1323 1486 1376 1539 est.

54 1575 301 1647 giosamdoctoris
313 1569 872 1646 anastasiumascriptoribusvetustiori·
957 1573 1018 1627 331.
1032 1571 1158 1638 Accedit,
1173 1571 1208 1626 de
1222 1572 1477 1629 celeberrimorum
1493 1573 1608 1630 illorum
1620 1578 1729 1649 marty-

54 1665 109 1720 bus
121 1665 273 1732 hausisset,
286 1665 315 1720 id
327 1663 542 1720 verosimillrme
554 1662 640 1717 etiam
651 1663 700 1716 aut
708 1660 871 1733 indicasset,
922 1677 988 1716 rum
995 1661 1072 1716 crede
1080 1660 1177 1732 (unde,
1185 1661 1323 1733 quidquid
1332 1664 1513 1718 contrabanc
1520 1665 1730 1734 probabilitatis

56 1757 108 1808 aut
122 1755 177 1810 hos
205 1754 293 1809 etiam
312 1752 500 1822 nominasset,
522 1751 647 1807 maxime
669 1768 733 1806 curn
750 1751 871 1805 feralem
888 1750 956 1809 Ber
971 1753 1120 1805 auctorum
1134 1749 1247 1806 silentio
1258 1750 1326 1806 oriri
1339 1755 1444 1823 posset,
1459 1753 1583 1825 eliditur)
1597 1759 1729 1812 constare

55 1843 136 1898 illam
154 1842 306 1899 historiam
323 1847 500 1911 narraturus,
515 1841 688 1914 praemittat:
703 1862 716 1889 κ
727 1840 792 1894 Tale
803 1855 869 1911 pre·
921 1842 984 1894 tum
998 1856 1013 1893 e
1026 1839 1125 1894 multis
1144 1839 1173 1894 in
1190 1840 1354 1895 Commeat.
1379 1841 1509 1912 proxime
1524 1842 1572 1897 cit.
1588 1843 1728 1915 adductis,

56 1930 171 2003 digiu'm
183 1931 223 1987 ibi
233 1931 336 1986 dicitur
351 1931 495 1999 accidisse,
510 1952 523 1979 v
535 1929 676 2001 facileque
686 1945 718 1982 aa
735 1930 871 2000 opportu·
921 1931 983 1983 tum
998 1929 1123 1983 maxime
1137 1945 1152 1982 e
1175 1926 1202 1983 S.
1219 1928 1358 1984 Eucherio
1380 1929 1563 2001 lugdunensi
1583 1931 1728 2004 episcope,

56 2038 140 2089 num,
159 2023 191 2075 ut
203 2020 243 2075 rei
266 2009 337 2076 adeo
359 2020 440 2076 mirre
457 2020 543 2075 tidem
560 2019 677 2087 iaceret,
703 2017 801 2072 luisset
820 2016 870 2071 ad·
921 2016 969 2089 qui
983 2016 1093 2087 primus
1106 2017 1186 2072 illam
1202 2016 1231 2071 in
1248 2017 1356 2072 litteras
1377 2017 1464 2085 misit,
1481 2018 1586 2092 quique
1599 2020 1730 2092 quamvis

51 2110 192 2181 jungere,
204 2126 221 2164 a
232 2110 334 2181 quibus
343 2127 377 2164 ca
385 2109 495 2165 dicatur
503 2126 552 2164 seu
562 2112 705 2165 narretur.
718 2109 780 2163 tarn
791 2122 868 2173 vero,
921 2107 1023 2160 saeculo
1035 2106 1153 2161 domum
1163 2106 1264 2178 quinto
1273 2105 1381 2175 floruit,
1393 2108 1549 2180 egenuiuae
1563 2111 1662 2164 tamen
1671 2112 1728 2165 tra-

56 2215 124 2253 cum
146 2199 210 2270 herc
234 2199 275 2253 ita
292 2199 429 2266 habeant,
446 2198 694 2253 verosimillimum
711 2197 819 2269 utiquc,
834 2211 871 2250 ne
922 2195 1039 2250 ditionis
1053 2195 1375 2268 fonte,quemipscmet
1388 2196 1731 2276 assignasssuadeprom·

56 2287 153 2342 dream
179 2287 341 2357 indubium,
358 2292 487 2361 apparet,
511 2287 663 2358 scriptores
684 2286 870 2358 antiquiores,
922 2285 1097 2358 psithtvero
1109 2301 1161 2339 nec
1172 2284 1337 2341 universalis
1347 2285 1540 2360 silentiique,
1550 2287 1730 2362 quiintegro,

56 2378 190 2450 aquibus
204 2376 364 2432 parisiense
379 2377 543 2450 prodigium
563 2377 712 2432 memoriae
723 2376 871 2449 proditum
922 2374 1045 2446 amplius
1061 2373 1155 2446 primo
1171 2378 1308 2447 postrem
1319 2379 1432 2448 gestam
1445 2377 1732 2434 saeculolabcutello·

56 2466 163 2534 luerit,
192 2481 340 2537 anonymo
365 2467 492 2538 quinque
523 2465 687 2538 primorum
715 2464 871 2520 Carthusiae
921 2467 1052 2534 ruerunt,
1068 2465 1424 2537 scriptoresprodigiosam
1436 2465 1561 2522 doctoris
1574 2468 1731 2524 anastasim

56 2555 191 2626 priorum
215 2555 403 2626 chronologo,
428 2572 479 2610 seu
500 2554 646 2611 vetustiori
665 2554 755 2609 sancti
782 2552 871 2609 nostri
922 2557 1108 2626 praetereunt,
1125 2554 1198 2610 ratio
1213 2556 1270 2610 ulla
1283 2558 1327 2609 sat
1341 2554 1446 2610 idonea
1455 2556 1537 2611 reddi
1555 2560 1660 2628 potest,
1678 2575 1732 2614 neo

56 2644 222 2716 biographo
232 2661 291 2698 non
301 2645 475 2716 praluxisse3
489 2648 521 2700 ut
532 2644 655 2718 proinde
670 2645 724 2699 boc
735 2660 769 2698 er
779 2642 872 2716 capite
925 2644 960 2699 de
967 2645 1113 2700 horrenda
1120 2644 1339 2701 hachistoriaex
1347 2646 1602 2702 ullomonumento
1608 2650 1731 2716 constat,

58 2732 150 2787 sidem
164 2732 309 2803 majorem
323 2749 381 2788 suae
404 2734 440 2788 de
459 2733 585 2789 doctoris
604 2731 734 2788 damnati
751 2734 875 2790 anastasi
926 2735 1034 2789 nedum
1050 2735 1418 2806 exanonymoprimorum
1434 2736 1561 2808 quinque
1577 2737 1733 2794 Carthusioe
1802 2765 1803 2769 ¹

60 2819 222 2876 narrationi
237 2823 363 2892 nequeat
374 2822 543 2894 adjungere.
562 2824 650 2877 Porro
662 2838 728 2876 cum
744 2820 877 2876 laudatus
925 2822 1056 2896 priorum
1065 2823 1197 2878 Chronici
1208 2825 1335 2892 auctore,
1345 2824 1404 2895 qui,
1416 2825 1493 2880 unde
1503 2825 1583 2880 illam
1593 2825 1734 2882 hauserit.

60 2909 256 2981 chronologus
269 2909 419 2964 seusaueti
433 2909 619 2983 biographus,
634 2914 666 2964 ut
676 2910 740 2981 jam
755 2910 875 2976 dictum,
926 2928 985 2967 non
1001 2911 1097 2981 edicit,
1120 2929 1173 2965 nec
1198 2911 1313 2966 aliunde
1336 2913 1459 2968 babetur
1483 2917 1676 2984 compertum.
1700 2915 1734 2969 Et

60 2997 216 3069 scriptores
238 2998 425 3070 antiquiores,
449 2999 471 3053 si
496 3016 568 3072 quos
592 3000 628 3055 ad
654 2999 823 3055 horribilem
839 2999 1004 3076 decrero,
1020 3017 1086 3056 cum
1102 3000 1158 3067 hic,
1173 3003 1204 3054 ut
1208 3000 1273 3071 jam
1284 3000 1378 3064 docui,
1388 3001 1732 3073 scriptoresentiquiores,

62 3088 182 3143 doctore
189 3088 387 3143 narrationem
395 3089 579 3157 adhibuisset,
589 3089 875 3145 nominaturusvero-
925 3107 940 3145 e
956 3089 1059 3162 quibus
1073 3089 1211 3156 hauserit,
1228 3089 1280 3144 sibi
1293 3089 1483 3162 proeluoentes
1495 3090 1573 3145 haud
1588 3091 1731 3160 habuerit,

62 3175 211 3231 simillime
223 3176 332 3244 luisset,
350 3194 403 3232 nec
424 3180 523 3233 tamen
549 3178 703 3234 Caesarium
730 3176 873 3245 nominet,
924 3196 981 3252 quo
996 3179 1117 3234 tandem
1144 3195 1178 3234 ex
1205 3178 1296 3246 lonte,
1319 3179 1364 3234 eui
1386 3180 1447 3234 tuto
1474 3178 1564 3234 fidere
1579 3179 1732 3251 possimus,

62 3265 275 3321 consectarium
283 3267 326 3335 lit,
338 3268 615 3340 utscriptorisbujus
623 3285 704 3323 uum.
714 3269 762 3324 211
775 3267 873 3323 datam
925 3268 1123 3324 narrationem
1136 3285 1217 3323 suam
1229 3267 1440 3340 deprompsisse
1450 3268 1556 3339 queat?
1565 3271 1609 3323 An
1617 3268 1692 3325 torto
1700 3286 1734 3325 ex

63 3356 264 3412 narrationem
289 3356 506 3413 verosimillime
527 3360 576 3413 aut
602 3375 662 3413 non
688 3356 802 3425 viderit,
825 3358 875 3411 aut
924 3358 1003 3414 larua
1015 3358 1164 3431 publicove
1177 3356 1317 3412 rumore?
1332 3357 1438 3412 Verum
1453 3374 1541 3429 quam
1552 3357 1679 3413 incertus
1687 3356 1734 3415 hic

63 3445 138 3500 hauc
151 3462 170 3500 a
179 3461 233 3501 sua
242 3445 413 3502 existimarit
425 3447 578 3503 diversam.
924 3452 1025 3504 auctor
1036 3449 1081 3515 sit,
1099 3464 1185 3503 nemo
1197 3462 1256 3500 non
1274 3445 1412 3501 novitdu
1428 3463 1461 3501 er
1472 3446 1582 3502 ordinis
1594 3447 1637 3502 sui
1645 3446 1734 3502 tradi·

98 3536 163 3588 330.
180 3533 264 3598 Quod
273 3535 338 3606 jam
355 3536 481 3606 pertinet
491 3537 529 3591 ad
543 3552 653 3591 annum
666 3538 743 3602 1220,
755 3551 812 3608 quo
823 3533 876 3590 cir-
925 3537 1025 3594 tione‘l
1040 3539 1082 3591 lta
1102 3552 1182 3602 sano,
1204 3534 1252 3607 qui
1276 3535 1442 3591 Parisicnsis
1463 3535 1588 3607 prodigii
1605 3537 1736 3610 pulsique

63 3623 136 3678 citer
150 3622 298 3678 autetiam
309 3625 395 3695 paulo
410 3624 492 3679 citius
508 3642 671 3697 anonymus
681 3623 875 3696 quinquepri·
924 3627 992 3682 hinc
1018 3624 1048 3680 iu
1075 3641 1208 3680 eremum
1235 3623 1263 3678 S.
1280 3624 1423 3679 Brunouis
1439 3624 1590 3680 historiam
1607 3627 1734 3694 tuentur,

63 3728 184 3767 morum
201 3712 356 3768 Carthusiae
372 3713 503 3785 priorum
514 3715 708 3786 chronologus
720 3731 770 3769 seu
785 3710 876 3767 sancti
925 3712 1737 3786 existimataeporro,utopiniunemsuampropugnant

63 3799 157 3856 nostri
173 3799 351 3874 biographus
366 3803 506 3872 lloruerit,
518 3803 548 3859 id
561 3804 687 3859 craticiis
702 3821 783 3858 num.
803 3806 835 3858 12
847 3803 877 3856 et
926 3803 1073 3859 affirmare
1089 3802 1206 3856 debent.
1218 3801 1368 3856 Veroman
1378 3800 1426 3856 illa
1436 3800 1546 3856 ordinis
1556 3802 1737 3859 Carthusieu·

63 3907 148 3962 seqq.
164 3889 367 3946 verosimiliter
380 3909 460 3947 secus
474 3892 571 3947 habet.
588 3893 655 3961 Nec,
670 3891 722 3947 etsi
736 3892 775 3946 ita
790 3890 876 3945 habe·
925 3891 963 3948 sis
978 3891 1094 3947 traditio
1116 3890 1249 3962 genuinae
1267 3889 1430 3945 traditionis
1452 3906 1562 3945 nomen
1578 3893 1735 3959 mereatur,

63 3982 109 4035 ret
122 3977 284 4051 quidquam
299 3979 378 4048 inde,
389 3998 446 4054 quo
459 3981 589 4036 luctuose
603 3979 727 4036 doctoris
738 3979 877 4035 Parisien·
925 3980 970 4037 cui
985 3980 1083 4045 etiam,
1101 3978 1201 4052 quanti
1212 3979 1249 4033 ad
1259 3979 1444 4034 asserendam
1460 3978 1583 4051 prodigii
1595 3979 1737 4037 Parisien·

64 4066 103 4123 sis
116 4066 240 4123 historia
254 4070 298 4123 sat
313 4072 449 4125 certaaut
458 4070 546 4125 etiam
557 4068 726 4124 verosimilis
740 4068 876 4123 reddere·
927 4073 966 4128 sis
978 4071 1129 4126 veritatem
1142 4069 1244 4135 valeat,
1255 4068 1331 4123 inira
1349 4068 1520 4136 discutiam,
1537 4086 1602 4125 cum
1620 4071 1737 4143 praevie,

66 4160 123 4223 tur,
139 4157 238 4226 posset
250 4156 361 4211 confici.
379 4157 432 4213 Fac
448 4157 538 4225 enim,
560 4157 710 4213 laudatum
725 4156 877 4212 chronolo·
930 4161 1008 4235 quod
1022 4158 1157 4232 prasenti
1175 4159 1189 4224 ξ
1211 4157 1305 4213 lacere
1327 4158 1473 4225 constitui,
1497 4158 1677 4226 examinaro,
1700 4176 1738 4216 au

66 4243 397 4318 gum,quiprimuseam
406 4245 881 4333 liisseriscommisibannocirciier
913 4250 1042 4322 ,reliqua
1056 4265 1109 4321 pro
1133 4246 1311 4312 Parisiensis‚
1334 4246 1384 4318 qui
1400 4242 1472 4301 'sese
1492 4247 1664 4304 damnatum
1687 4264 1739 4322 pu-

69 4329 1004 4411 lttt)manumscriptiouireipseedmovissesieequidemDblice
1028 4334 1217 4402 denuntiarit,
1238 4333 1364 4389 doctoris
1387 4333 1511 4388 anastasi
1539 4338 1570 4404 §§
1588 4339 1616 4391 11
1645 4352 1677 4390 ac
1705 4340 1739 4394 12

67 4422 165 4476 adbuc
180 4421 265 4478 aunis
283 4423 396 4481 circiter
416 4425 609 4498 quadraginta
632 4428 661 4480 et
677 4426 825 4479 conturna
848 4438 879 4476 re
930 4427 1054 4482 adducta
1061 4424 1233 4496 scriptorum
1245 4422 1441 4494 antiquiorum
1450 4422 1617 4479 testimonia
1628 4427 1738 4482 certam

68 4513 152 4582 gesta
177 4510 302 4566 abluerit
322 4529 354 4568 ac
376 4513 460 4586 proin
480 4513 619 4587 temporis
634 4513 725 4585 spatio
745 4511 880 4583 longiori,
930 4532 996 4571 eam
1012 4517 1062 4569 aut
1075 4513 1164 4568 etiam
1180 4512 1385 4577 verosimilem,
1402 4514 1496 4566 stante
1513 4512 1665 4568 universali
1673 4513 1740 4569 seri·

69 4615 161 4670 quam
182 4601 215 4653 ut
230 4599 257 4654 ei
278 4599 366 4655 iidem
389 4601 582 4658 indubitatam
606 4601 758 4658 conciliare
782 4603 879 4674 queat.
930 4608 1047 4677 ptorum
1064 4601 1177 4656 silentio
1190 4600 1321 4671 proxime
1335 4599 1421 4666 dicto,
1437 4600 1548 4670 possint
1560 4600 1685 4656 efficere.

70 4686 208 4751 Quamvis
222 4687 301 4744 enim
316 4690 437 4746 subinde
452 4692 513 4759 liat,
528 4695 557 4747 ut
572 4693 692 4757 lactum,
715 4690 766 4746 etsi
784 4708 801 4744 a
815 4691 882 4746 scri·
967 4695 1028 4747 332.
1044 4691 1116 4746 Cum
1126 4687 1325 4759 scriptoresilli
1337 4705 1439 4743 omnes
1454 4689 1740 4745 narrationemsuam

69 4777 213 4849 ptoribus,
227 4777 275 4848 qui
290 4777 404 4849 integro
413 4779 537 4852 amplius
547 4780 769 4852 postidgestum
778 4779 881 4834 sacculo
931 4781 975 4837 vcl
991 4777 1295 4851 exipsajamdiscussa
1309 4777 1437 4849 quinque
1447 4778 1610 4849 primorum
1623 4778 1741 4834 Carthu-

71 4869 243 4932 lloruerunt,
256 4865 395 4921 duntaxat
409 4873 685 4935 commemoratum,
705 4885 757 4940 pro
776 4866 881 4924 verosi·
932 4870 980 4924 siae
995 4868 1125 4940 priorum
1141 4865 1355 4937 chronographi
1370 4866 1547 4932 narratione,
1565 4865 1660 4937 aliqua
1670 4867 1742 4921 duu-

72 4955 145 5022 mili,
158 4954 315 5011 imoetiam
326 4974 378 5029 pro
391 4962 469 5013 certo
484 4959 521 5014 sit
533 4959 710 5025 habendum,
728 4958 757 5013 id
771 4961 881 5024 tamem
931 4961 1010 5013 taxat
1025 4957 1054 5012 iu
1068 4957 1121 5010 bac
1139 4955 1215 5010 lacta
1229 4970 1281 5025 pro
1298 4953 1417 5008 arbitrio
1431 4954 1603 5019 mutatione,
1621 4970 1738 5026 accepe-

72 5048 103 5098 ut
117 5049 250 5117 apparet,
267 5047 363 5102 locum
379 5048 486 5104 habere
502 5066 561 5104 uon
576 5051 680 5120 potest,
701 5048 828 5120 quando,
840 5047 882 5103 uti
931 5047 999 5112 rint,
1015 5047 1065 5099 aut
1076 5047 1153 5098 certe
1169 5042 1385 5112 ascriptoribus
1403 5041 1476 5108 aliis,
1500 5057 1624 5113 quorum
1649 5041 1740 5100 etiarn

72 5133 117 5187 hie
133 5133 177 5200 fit,
193 5134 302 5190 lactum
312 5153 362 5191 seu
376 5154 431 5203 res,
449 5155 512 5210 quae
527 5139 760 5201 controvertitur,
776 5139 819 5191 est
831 5135 882 5190 hu·
931 5134 1059 5191 narratio
1074 5149 1156 5187 suam
1175 5131 1221 5185 isti
1247 5130 1392 5200 originem
1416 5129 1531 5195 debeat,
1556 5128 1674 5185 indubie
1689 5130 1740 5186 de-

69 5222 211 5292 jusmodi,
227 5226 269 5292 ut,
285 5225 308 5279 si
323 5226 489 5297 contigisset
505 5243 643 5298 uuquam,
659 5227 695 5281 ab
710 5226 777 5298 ipsis
792 5224 881 5279 etiam
931 5220 1136 5296 prompserint,
1144 5219 1277 5290 prodigio
1285 5215 1739 5290 utiquofidemmajorem,qusm,

73 5310 262 5381 scriptoribus
276 5313 883 5384 synclrrouisaccorevisverosimilitercom-
932 5312 980 5384 qui
991 5310 1102 5382 primus
1118 5308 1188 5362 illud
1203 5307 1232 5361 in
1252 5306 1362 5360 litteras
1376 5303 1464 5371 misit,
1481 5304 1571 5360 dictus
1586 5305 1739 5362 chronolo-

75 5401 239 5453 memorata
254 5399 361 5456 fuisset.
378 5405 438 5470 Ast,
454 5403 575 5475 inquies,
591 5403 683 5458 caedcs
705 5401 734 5457 S.
750 5399 885 5468 llauritii,
933 5393 1742 5473 gusmereatur‚cunciliaren0upossunt,etsiinterimat

73 5487 288 5561 sociorumque,
299 5491 419 5562 legionis
431 5493 560 5547 Thebaeas
577 5492 701 5547 militum
711 5494 883 5562 martyrum,
932 5490 1088 5560 jamsupra
1107 5485 1201 5550 docui,
1215 5498 1316 5538 eorum
1334 5481 1501 5538 testimonia
1514 5482 1657 5552 evincant,
1673 5503 1741 5558 pro·

74 5575 889 5656 ascriptoribuscontemporuneismemorieeproditauou
930 5577 1072 5652 digiosarn
1092 5572 1218 5632 doctoris
1240 5570 1408 5630 parisiensis
1433 5573 1591 5633 anastasim
1609 5572 1695 5632 tuisse
1711 5578 1741 5632 et
