3772 5970
116 315 147 366 19
539 306 567 362 S.
591 304 763 362 bannonis
780 304 1094 364 caninosnmoaon
1118 309 1350 367 lNSTlTUTOltlS
1742 321 1777 374 20

113 434 396 506 quenonnullahunc
406 447 563 504 praegressa
574 435 794 505 repraesentans,
804 449 918 503 quecor·
928 440 956 498 Α
971 434 1069 501 rerba,
1093 439 1125 489 ut
1141 452 1185 502 ea,
1204 454 1267 508 quie
1294 436 1479 492 Puteanianae
1501 440 1529 492 et
1554 438 1682 494 Surianse
1706 440 1776 495 Vites

112 522 186 576 dinis
202 522 407 577 carthusiensis
422 521 540 576 Statutis
553 538 585 575 ac
601 521 767 592 Privilegiis,
778 522 917 576 Francisci
967 527 1033 577 sunt
1048 525 1140 578 rarius
1155 526 1307 596 alleganda
1325 524 1450 588 veniant.
1472 528 1682 583 commentario
1698 529 1774 593 buic,

113 627 131 664 a
145 611 246 678 Puteo,
258 627 318 678 scu,
331 615 361 665 ut
378 612 490 666 brevius
501 613 612 682 loquar,
626 611 744 664 Puteani
752 610 833 679 jussu
844 610 918 664 [tasi-
967 611 990 664 si
1006 612 1122 681 qnando
1138 629 1299 683 congruum
1317 613 1346 667 id
1360 613 1456 680 luerit,
1471 614 1609 682 intexam,
1628 620 1678 670 aut
1688 620 1775 685 certe,

111 698 164 752 lenc
177 715 253 753 anno
265 700 559 771 l5l0apudloannem
567 698 916 762 Amorbachinmexcusis,
967 698 1078 770 siquid,
1101 701 1282 772 qnodal'itis
1300 702 1398 756 adenis
1415 702 1488 757 absit
1500 703 1651 775 notarique
1663 722 1776 761 merea·

111 787 230 858 praelixa
251 791 303 856 est,
320 788 472 844 Basileensi
498 788 594 843 Sancti
619 787 708 842 nostri
724 787 793 842 Vitas
812 788 919 859 pariter
967 793 1025 854 tur,
1037 789 1265 860 suppeditent,in
1276 790 1526 859 Annotationibus,
1539 809 1609 863 quas
1623 793 1777 849 liisccsub·

110 877 279 948 praeligitur.
965 876 1094 948 jecturus
1108 894 1184 945 sum,
1200 880 1413 934 inobservatum
1429 880 1507 935 haud
1522 881 1690 953 praeteribo.

148 970 193 1021 22.
206 966 338 1023 Secundo
354 967 918 1038 verosimillimumapparot,Puteanum,
1005 968 1049 1021 ⁸24.
1063 966 1131 1021 Tros
1141 967 1237 1038 itaque
1249 970 1362 1022 tantum
1380 967 1476 1023 Sancti
1492 971 1581 1024 nostri
1597 970 1673 1025 Vitas
1683 971 1776 1026 diver-

113 1058 213 1126 ntpotc
230 1055 377 1126 plurinum
404 1073 481 1111 amno
504 1058 571 1110 lala
598 1056 749 1111 autetiam
774 1056 859 1127 paulo
884 1055 920 1108 ci·
944 1072 1023 1129 sas,
1032 1072 1155 1127 quarum
1164 1056 1778 1132 ducorecentioreS,unaqneantiquiorsupra

113 1144 177 1211 tius,
196 1147 226 1198 ut
239 1145 409 1199 Sanctorum
422 1146 486 1199 albo
498 1145 592 1199 bruno
606 1145 824 1210 adscriberetur,
839 1143 918 1198 labo·
970 1147 1143 1211 memorata,
1152 1147 1311 1198 nectamen
1320 1145 1414 1199 minus
1430 1163 1519 1216 quarn
1529 1150 1646 1202 centum
1657 1147 1780 1218 amplius

112 1233 193 1297 rarit,
206 1233 306 1287 litteris
321 1234 406 1304 hujus
417 1234 509 1287 Vitam
528 1238 595 1287 tunc
611 1234 772 1302 exarmasse,
785 1248 918 1302 eamque,
969 1235 1035 1302 post
1044 1231 1105 1301 ejus
1117 1233 1228 1287 obitum
1242 1233 1325 1286 annis
1334 1233 1496 1304 scriptaest,
1509 1235 1660 1303 recudam;
1674 1235 1777 1308 quibus

113 1337 179 1375 cum
192 1321 256 1390 jam
269 1321 320 1387 illi,
335 1322 428 1375 Leone
444 1323 463 1375 X
479 1338 593 1375 summo
610 1322 745 1392 pontilico
760 1322 917 1385 annuente,
970 1338 1036 1376 cum
1047 1323 1187 1392 praeterea
1198 1321 1299 1386 varios,
1308 1339 1379 1393 qnos
1390 1323 1508 1376 tandem
1520 1324 1612 1395 gloria
1622 1325 1777 1395 posthuma

110 1409 381 1464 honorcscoelitibns
394 1409 501 1480 proprii
511 1408 585 1463 dicto
595 1426 670 1462 anno
681 1408 920 1479 lilltcoepissscnt
969 1409 1172 1479 seuquoddam
1184 1409 1277 1479 liutius
1287 1410 1370 1479 liujus
1377 1411 1622 1481 supplementum,
1633 1429 1648 1466 e
1659 1411 1778 1466 diversis

113 1497 230 1564 deferri,
240 1496 400 1568 typishaud
410 1498 501 1551 multo
510 1501 574 1566 post
589 1485 937 1551 excudendamcurasse.=
970 1497 1079 1552 notitiis
1090 1497 1237 1568 scriptisve
1258 1499 1410 1553 collectum
1426 1499 1556 1571 excipiet,
1575 1500 1682 1555 Titulos
1692 1500 1776 1555 lunc-

111 1585 206 1639 Tertio
223 1602 288 1639 cnm
312 1586 347 1640 de
365 1585 420 1639 vita
436 1585 464 1640 S.
483 1585 623 1639 Brunonis
648 1584 799 1639 Basilecnsi
823 1600 919 1638 sermo
971 1586 1047 1652 bres,
1064 1585 1236 1640 sectionibus
1252 1586 1376 1653 dirersis,
1393 1604 1516 1657 quarum
1532 1588 1667 1659 quelibet
1681 1590 1778 1660 plures

114 1677 167 1737 cst,
178 1673 386 1728 Puteanianam
399 1672 530 1743 intelligi,
545 1672 799 1728 Cartbusianorum
811 1672 921 1726 obtinet
971 1691 1005 1729 ex
1020 1674 1064 1727 his
1078 1673 1234 1742 contineat,
1252 1675 1288 1729 ad
1300 1676 1521 1731 annotationum
1538 1677 1658 1732 subinde
1670 1677 1779 1733 adden·

111 1762 240 1827 traditio,
252 1761 670 1831 utisubministrataaloscpho
687 1762 777 1830 Phily,
787 1776 920 1814 reveren·
934 1752 959 1809 B
972 1762 1075 1816 darum
1084 1762 1273 1817 commodum
1283 1762 1429 1831 discretos,
1439 1766 1779 1836 arsuisquosquenumc-

115 1850 224 1904 dissimi
240 1850 328 1920 patris
343 1854 371 1903 et
387 1850 501 1920 capituli
521 1850 662 1921 generalis
679 1849 786 1903 ordinis
801 1849 921 1902 Cartbn·
970 1849 1197 1916 risdistinctos,c
1209 1851 1360 1905 basileensi
1371 1851 1466 1906 Sancti
1476 1853 1538 1907 Vita
1548 1869 1582 1907 eo
1596 1853 1707 1920 ordine,
1719 1870 1777 1925 quo

114 1938 213 1993 sicusis
226 1939 328 2004 scriba,
338 1938 496 1991 notitieme
512 1939 606 2004 docet,
621 1941 790 2007 certumque
801 1938 922 2006 apparet
973 1939 1009 1993 ad
1017 1938 1213 2008 hujuscalcem
1222 1939 1414 2011 reperiuntur,
1423 1941 1702 2012 adjuncturusetiam
1711 1942 1778 2009 sim,

114 2043 149 2080 ex
162 2027 313 2081 Theodoro
336 2028 465 2092 Petraeo,
480 2026 618 2096 scriptore
634 2024 821 2079 Carthasiano
835 2039 923 2093 supra
971 2027 1109 2080 lectorem
1121 2026 1208 2080 modo
1217 2027 1302 2096 hujus
1316 2028 1425 2082 consilii
1445 2028 1501 2083 mei
1514 2029 1657 2083 rationem
1670 2028 1779 2101 etquid

116 2115 208 2169 adbuc
223 2115 347 2179 laudate,
357 2116 457 2184 utpote
473 2113 559 2184 quiin
575 2113 632 2167 suis
647 2113 684 2167 ad
694 2111 831 2166 llorlandi
848 2112 921 2166 Cbro
971 2114 1077 2167 horum
1092 2112 1212 2167 nomine
1221 2114 1324 2179 veniat,
1343 2114 1387 2169 bic
1404 2114 1496 2170 adhuc
1507 2116 1620 2171 edoceri
1633 2116 1777 2171 convenit.

116 2202 201 2256 nicon
218 2200 462 2255 Elncidationibus
473 2215 539 2270 pag.
552 2204 584 2254 lt
599 2198 720 2253 Puteani
733 2199 825 2252 fetum
841 2200 922 2252 vocet
972 2201 1002 2254 lo
1020 2216 1101 2255 more
1121 2201 1200 2268 olim,
1221 2201 1308 2256 etiarn
1325 2206 1408 2257 catate
1433 2203 1461 2258 S.
1485 2205 1635 2271 Brunonis,
1650 2205 1779 2276 positum

117 2289 146 2345 S.
164 2288 418 2354 BrunonisVitam,
432 2288 469 2343 ad
485 2288 564 2358 cujus
579 2289 687 2343 calcem
703 2304 789 2358 supra
804 2290 921 2341 centum
972 2292 1044 2356 erat,
1056 2292 1087 2342 ut
1101 2289 1246 2354 monachi,
1260 2307 1325 2345 cnm
1338 2290 1400 2362 quis
1411 2308 1444 2346 ex
1459 2292 1660 2365 insignioribus
1676 2309 1779 2347 mona·

117 2383 146 2433 et
170 2378 317 2449 sexaginta
331 2377 477 2443 funebres,
495 2377 530 2431 de
546 2376 649 2449 quibus
664 2392 742 2442 mox,
759 2375 843 2441 tituli,
860 2392 920 2442 scu,
973 2377 1051 2431 sterii
1074 2377 1116 2431 sni
1145 2377 1211 2431 viris
1244 2377 1379 2444 obiisset,
1395 2380 1530 2434 schedam
1552 2397 1602 2435 seu
1627 2381 1779 2453 epistolam

118 2467 159 2521 uti
175 2467 227 2521 hos
243 2466 378 2537 appellat,
402 2465 547 2536 epitaphia
562 2464 746 2535 adjiciuntur,
762 2481 825 2534 quae
841 2465 922 2517 tanto
973 2466 1157 2538 encyclicam,
1179 2466 1278 2520 mortis
1294 2467 1354 2537 ejus
1366 2469 1512 2533 nunciam,
1525 2486 1589 2541 quae
1606 2469 1667 2524 lere
1684 2486 1779 2524 mem·

119 2572 241 2611 numero
255 2555 307 2609 soli
329 2554 428 2609 Sancti
441 2553 522 2620 Vite,
540 2569 604 2625 quoa
621 2553 735 2607 Basilcoe
750 2569 851 2607 excusa
869 2553 921 2617 est,
973 2553 1071 2609 branis
1081 2554 1110 2607 in
1121 2554 1242 2625 longum
1255 2555 1393 2624 porrectis
1403 2557 1562 2623 constabat,
1573 2557 1780 2629 quaequequod

118 2644 231 2714 adjecta
247 2643 440 2713 reperiuntur.
459 2641 566 2705 Quarto
582 2642 625 2695 acl
642 2640 732 2695 ntimo
748 2641 821 2707 Vita,
835 2656 922 2711 quam
973 2659 1033 2697 uon
1055 2641 1168 2713 plicata,
1195 2642 1245 2696 sed
1269 2642 1469 2699 Romanorum
1488 2645 1667 2701 voluminum
1689 2645 1780 2700 instar

119 2732 346 2796 Blomcnvcnna,
357 2734 389 2784 ut
399 2731 463 2801 jam
477 2729 570 2796 docui,
589 2729 731 2800 pertimex
750 2727 823 2792 Vita,
840 2744 857 2781 a
872 2728 925 2780 Pu·
973 2731 1069 2784 voluta
1077 2730 1315 2796 ossetdlotulison
1327 2732 1398 2785 Rolli
1409 2733 1527 2787 nomine
1538 2734 1778 2804 distinguebatur,

120 2824 207 2875 teano
227 2818 341 2890 scripta,
354 2818 508 2885 contexuit,
524 2820 636 2872 tantam
653 2833 719 2871 cum
734 2816 796 2871 Vita
810 2815 923 2869 Basileae
973 2833 1025 2890 per
1033 2835 1121 2872 unam
1134 2835 1150 2872 c
1161 2818 1227 2881 suis,
1238 2818 1286 2891 qui
1301 2823 1456 2890 propterea
1467 2821 1628 2877 Rotularius
1638 2827 1687 2878 aut
1697 2824 1781 2878 Polli·

121 2924 232 2973 excnsa,
247 2907 287 2961 uti
303 2922 336 2960 ex
352 2905 497 2976 utriusque
513 2903 664 2959 collatione
680 2903 779 2974 liquot,
795 2902 925 2956 similitu·
973 2922 1025 2976 ger
1032 2906 1239 2978 appellabatur,
1254 2907 1290 2961 ad
1306 2909 1491 2976 monasteria,
1504 2911 1640 2966 Ecclesiae
1650 2915 1700 2966 aut
1713 2928 1779 2982 per-

121 2996 220 3050 dinem
235 2994 331 3058 babet,
349 2996 380 3047 ut
394 2993 437 3047 rel
454 2993 527 3046 lianc
539 3009 572 3046 cx
587 2991 645 3058 illa,
661 2992 703 3044 rel
718 2991 798 3044 illam
814 3006 847 3043 ex
861 2987 925 3043 haci
974 3009 1069 3061 sonas,
1081 2994 1249 3065 quibuscum
1269 2998 1352 3049 erant
1368 3000 1417 3052 aut
1431 2998 1566 3052 societate
1588 3002 1637 3052 aut
1654 2999 1780 3054 amicitia

122 3100 174 3156 pro
187 3087 268 3154 parte
278 3083 380 3136 saltem
389 3083 552 3135 contextam
561 3096 631 3145 essc,
642 3079 677 3134 sit
685 3094 809 3133 necesse.
820 3077 924 3144 Quare,
975 3082 1065 3137 aliove
1077 3082 1214 3154 singulari
1223 3083 1309 3138 modo
1321 3085 1477 3155 conjuncti,
1495 3087 1708 3155 submitterent,
1718 3105 1782 3161 pac·

122 3172 166 3226 bis
181 3171 315 3224 omnibus
336 3168 493 3241 perpensis,
518 3169 612 3222 nullus
634 3166 744 3232 dubito,
761 3165 829 3237 quin
851 3165 923 3232 llita,
977 3172 1032 3236 tas,
1049 3170 1242 3226 ordinariasve
1261 3187 1311 3226 seu
1335 3175 1454 3227 statutas
1476 3189 1575 3245 preces
1590 3191 1642 3245 pro
1655 3175 1783 3230 defuncti

122 3275 186 3331 quae
204 3260 364 3312 Puteassum
380 3257 641 3321 ilabelfluclfflem,
659 3270 693 3308 0³
709 3254 770 3325 ipsa
798 3253 844 3319 Sil,
861 3268 925 3324 ‘luffi
976 3260 1074 3316 eninm
1100 3260 1291 3329 postulantes;
1314 3261 1503 3330 responsoriae
1519 3266 1628 3330 autern,
1653 3281 1718 3335 quse
1745 3265 1782 3318 ad

122 3363 198 3401 anno
214 3345 326 3400 circiter
343 3347 409 3399 1515
420 3343 449 3397 in
458 3345 551 3398 lucem
559 3343 633 3414 typis
649 3341 854 3433 basileensibns
864 3357 928 3412 pro·
977 3345 1141 3417 hujusmodi
1152 3345 1295 3417 epistolas,
1311 3364 1328 3401 a
1342 3348 1481 3419 personis,
1495 3350 1532 3404 ad
1548 3368 1619 3421 quas
1630 3351 1675 3406 hac
1691 3351 1785 3406 missas

120 3434 182 3489 diit.
978 3437 1061 3489 erant
1069 3433 1199 3488 carmine
1209 3435 1389 3506 plerumque,
1398 3451 1430 3488 ac
1441 3435 1562 3491 subinde
1576 3438 1663 3493 etiam
1678 3439 1784 3494 oratio·

158 3525 202 3577 23.
220 3525 368 3594 Inceptum
387 3522 483 3593 itaque
497 3521 532 3574 do
548 3517 644 3573 Sancti
659 3517 738 3586 Vitis,
756 3517 843 3572 seculi
859 3515 929 3571 sexti
979 3539 1015 3577 ne
1041 3522 1134 3576 solnta
1157 3521 1309 3587 dabantur,
1330 3522 1482 3594 rotuloque
1503 3524 1589 3579 allato
1619 3528 1668 3579 aut
1696 3527 1784 3581 etiam

122 3611 316 3666 decirniinitio
326 3609 502 3681 conscriptis,
511 3623 679 3663 sermonem
685 3607 748 3677 jam
759 3621 927 3677 prosequor.
978 3610 1084 3663 chartea
1094 3611 1244 3679 separata,
1257 3612 1343 3681 prout
1350 3626 1395 3663 res
1407 3609 1528 3675 serebat,
1543 3612 1783 3682 inscribebantur,

124 3700 143 3752 E
158 3699 287 3770 'quatuor
304 3701 366 3770 J'am
393 3697 539 3753 recensitis
552 3695 612 3750 sola
633 3694 706 3750 mibi
734 3695 823 3761 deest,
840 3709 928 3765 quarn
976 3698 1136 3752 Titulorum
1146 3696 1313 3751 funebrium
1329 3696 1448 3751 nomine
1464 3698 1626 3753 veniebant.
1639 3701 1703 3753 llaec
1719 3717 1782 3754 om-

120 3782 929 3858 Carthusianusanonymusadornavit,typisqueberthol·
978 3784 1782 3857 niatcreautccrtenonmultumabludentiacolliguntnr

120 3875 171 3930 dns
187 3876 361 3930 Remboldus
378 3874 495 3928 Lutetiae
511 3873 638 3939 excudit;
655 3871 769 3925 etribus
785 3885 851 3924 vcro
862 3868 927 3922 roli-
977 3871 1058 3936 exiis,
1066 3887 1130 3942 quae
1143 3869 1276 3941 (langius,
1288 3870 1380 3925 varios
1391 3871 1482 3926 citans
1492 3872 1690 3944 scriptores,in
1701 3874 1780 3929 Glos-

122 3964 195 4036 qniS,
208 3980 333 4034 quarum
348 3964 437 4028 nulla,
454 3963 541 4033 longo
551 3959 691 4031 temporis
699 3958 859 4022 intervallo,
870 3972 926 4029 quo
976 3957 1050 4012 sario
1062 3956 1203 4011 mediaret
1214 3957 1322 4011 infimae
1331 3958 1491 4013 Latinitatis
1502 3960 1539 4015 ad
1551 3961 1687 4015 vocabula
1697 3960 1781 4017 Rotn-

118 4068 219 4107 earnm
233 4051 486 4106 auctoresasancti
502 4049 581 4103 obitu
590 4048 776 4118 scripserunt,
786 4048 925 4116 spectato,
976 4045 1025 4112 lus,
1034 4045 1140 4099 Titulus
1153 4048 1182 4100 et
1191 4043 1290 4100 Brevia
1301 4052 1466 4100 mortuorum
1475 4047 1505 4102 in
1515 4049 1644 4104 medium
1653 4050 1777 4106 adducit.

118 4141 153 4194 ab
169 4139 341 4210 antiquitate
352 4137 551 4194 conmiendari
560 4139 664 4209 potest,
673 4135 764 4189 solam
776 4133 926 4188 Puteania-
1010 4134 1169 4189 25.Em0re
1180 4134 1276 4207 itaque
1280 4134 1342 4204 jam
1359 4135 1500 4206 descripto
1516 4136 1640 4207 religiosi
1652 4138 1778 4193 Calabri·

116 4245 196 4294 nani,
213 4228 241 4282 in
252 4228 346 4300 capita
355 4230 383 4281 ct
393 4243 529 4282 numeros
545 4226 672 4279 demere
683 4222 811 4289 divisam,
823 4221 922 4276 cBasi-
973 4222 1114 4277 naeercmi
1123 4222 1233 4288 incolae,
1246 4223 1350 4276 cumin
1361 4223 1414 4277 hac
1423 4223 1452 4278 S.
1463 4225 1557 4279 Bruno
1570 4225 1696 4293 obiisset,
1708 4227 1780 4298 epis-

116 4317 187 4371 lensi
203 4317 305 4388 primm
323 4315 455 4370 editionis
470 4312 627 4383 exemplari
642 4310 789 4376 recedam,
801 4312 920 4381 proter·
934 4312 1061 4377 Dtolam
1079 4311 1263 4382 encyclicam,
1273 4311 1374 4366 mortis
1385 4312 1445 4382 ejus
1461 4311 1608 4380 nunciam,
1625 4315 1661 4368 ad
1676 4316 1776 4384 ltalioe,

116 4405 208 4458 missis
223 4404 283 4459 aliis
300 4404 408 4458 duabus
423 4403 466 4456 rel
477 4401 591 4467 idcirco,
609 4399 686 4470 quod
703 4399 793 4454 altera
802 4398 919 4470 quidem
969 4401 1065 4456 Galliac
1077 4403 1105 4455 et
1115 4400 1226 4473 Angliae
1238 4400 1412 4454 monasteria
1423 4401 1609 4468 acEcclesias,
1620 4402 1775 4474 etquidem

114 4493 175 4547 lndi
185 4493 334 4548 dumtaxat
342 4490 455 4563 po'e'tici,
466 4507 525 4544 non
537 4489 618 4555 Vitre,
626 4487 760 4542 historice
769 4504 801 4542 ac
809 4486 919 4542 sincere
969 4493 1070 4545 contra
1081 4489 1369 4560 morumplerumquc
1380 4491 1448 4543 tunc
1464 4489 1600 4543 usitatum
1610 4490 1679 4544 alias
1687 4492 1775 4546 etiam

113 4582 236 4652 scriptor,
247 4580 374 4652 speciem
385 4577 529 4651 praeierat,
544 4578 634 4631 altero
649 4591 717 4631 vero
733 4575 862 4649 parergis
875 4593 919 4630 su·
968 4578 1131 4644 nonnullas,
1140 4593 1229 4647 quarn
1237 4576 1405 4648 quibuscum
1416 4576 1552 4632 societate
1564 4581 1647 4632 erant
1657 4579 1776 4650 conjun-

112 4668 240 4740 pertluis,
264 4665 542 4738 digressionibusque
557 4663 680 4719 nimium
695 4665 789 4736 longis
810 4683 842 4720 ac
864 4666 918 4720 lre-
967 4666 1015 4733 cli,
1032 4682 1188 4737 perunum
1204 4665 1297 4734 esuis,
1309 4663 1350 4720 uti
1365 4664 1426 4736 ipsa
1441 4663 1490 4719 illa
1506 4665 1636 4735 epistola,
1652 4667 1773 4723 suoloco

113 4755 374 4828 quentibnslectori
384 4753 766 4824 multumtaedii,voluptatis
776 4754 837 4809 lere
846 4755 917 4809 nibil
966 4755 1096 4826 proxime
1110 4756 1177 4807 ante
1186 4752 1294 4807 Titulos
1303 4751 1439 4806 funebres
1452 4752 1541 4807 etiam
1552 4752 1675 4822 edenda,
1683 4754 1773 4809 tidem

112 4847 185 4900 esset
200 4844 337 4911 allatura3
352 4846 489 4898 utentem
505 4842 585 4907 Vitae,
597 4843 836 4897 aBlomenvenna
847 4859 915 4897 con·
965 4842 1043 4908 lacit,
1052 4856 1281 4914 quaquaversum
1288 4839 1438 4905 miserunt,
1448 4839 1642 4912 plurimasque
1653 4858 1772 4915 respon-

111 4932 245 4997 cinnatae,
255 4930 439 4998 desiderium,
448 4930 470 4985 si
479 4929 542 5001 quis
556 4930 631 4984 forte
647 4945 680 4983 eo
694 4931 915 4993 teneatur,fcr1i
964 4932 1065 4997 socias,
1081 4928 1234 4983 Titulornm
1247 4927 1402 4999 funebrium
1418 4928 1538 4984 nomine
1554 4933 1709 5001 propterea
1721 4931 1771 4986 de-

111 5023 198 5091 queat
219 5019 340 5087 facilius,
354 5019 434 5087 Vitas,
452 5035 469 5074 a
488 5020 615 5074 Puteano
632 5021 752 5072 exaratae
763 5018 857 5072 Vitam
873 5020 913 5073 al·
964 5018 1061 5089 inceps
1076 5018 1121 5071 hic
1134 5016 1360 5087 distinguendas,
1377 5020 1560 5089 acceperunt.
1577 5016 1704 5071 Fuerunt
1719 5019 1769 5086 illi,

108 5110 214 5175 teram,
232 5125 306 5180 qnae,
322 5109 425 5164 saeculo
441 5110 519 5162 sexto
536 5105 719 5175 decimojam
736 5112 912 5173 senescente,
963 5108 1004 5162 uti
1019 5109 1062 5161 est
1077 5123 1130 5161 ms.
1150 5104 1178 5160 S.
1196 5103 1336 5159 Brunonis
1350 5103 1423 5172 Vita,
1447 5122 1464 5159 a
1480 5103 1666 5160 carthusiano
1691 5105 1771 5179 Lige-

108 5199 137 5252 et
151 5214 185 5252 ex
200 5197 263 5264 bac,
273 5201 302 5251 et
311 5215 344 5253 ex
353 5195 472 5253 auctiori
483 5197 704 5249 ltlomenvcnnoe
715 5195 912 5251 lucubratione
962 5195 1035 5251 tensi
1055 5209 1200 5266 anonymo
1217 5210 1232 5246 e
1248 5192 1426 5260 funebribus,
1455 5193 1490 5248 de
1517 5192 1618 5264 quibus
1642 5194 1688 5249 hic
1708 5197 1770 5266 ejus

106 5302 124 5342 a
139 5286 222 5340 Surio
235 5287 406 5341 concinnata
421 5289 473 5352 est,
491 5298 612 5356 qumque
628 5282 759 5352 proinde,
772 5283 911 5355 quidquid
960 5284 1048 5339 titulis
1061 5280 1221 5354 praesertim
1233 5282 1366 5334 contexta
1377 5285 1462 5353 atquc
1476 5279 1512 5334 ad
1521 5280 1646 5349 majores
1657 5287 1770 5338 nostros

107 5372 199 5428 inhac
213 5376 378 5429 memorato
392 5368 910 5445 dignumoccurrit,hauddubiocon-
959 5369 1130 5427 aFederico
1152 5368 1281 5434 Floucto,
1304 5367 1452 5423 Societatis
1481 5370 1586 5420 nostrae
1608 5370 1765 5426 sacerdote.

105 5462 189 5528 tinet,
199 5463 381 5535 subjungam,
397 5461 539 5533 simulque
552 5458 907 5529 excerptacltlomenren-
958 5453 1293 5525 submissa‚intelligo,in
1305 5452 1636 5525 CalabrinaS.Stephani
1655 5473 1764 5526 eremo,

103 5567 160 5625 nce,
184 5550 224 5608 uti
240 5552 270 5609 ct
292 5549 465 5609 eZacharicc
488 5547 634 5607 Benedicti
656 5545 903 5607 lucubrationibus
956 5564 1023 5606 cum
1037 5547 1128 5604 heca
1144 5541 1385 5615 Cisterciensibus,
1398 5542 1448 5618 qui
1459 5558 1536 5613 eam,
1548 5543 1698 5618 sexaginta
1713 5547 1766 5604 cir-
