3772 5976
113 324 182 384 nn
616 323 794 387 mrosnlo
812 323 847 386 m
867 324 1260 390 rsxxuos.-rsxu.c11
1400 297 1405 307 ’
1699 308 1767 400 ini

109 443 317 518 quiequomodo
328 444 471 501 miseretur
477 450 559 517 pater
568 445 696 516 filiorum,
706 449 916 506 dumeosvidel
926 453 1026 513 Auant
1041 460 1226 510 testamentum
1238 453 1304 524 ejus,
1318 453 1357 508 sio
1374 468 1381 508 :
1396 452 1464 510 Dico
1485 453 1530 510 his
1543 457 1592 528 qui
1602 466 1708 517 renunt
1731 467 1768 515 te-

109 538 250 602 errantes,
264 538 295 589 ut
314 534 350 589 ad
374 533 450 588 viam
472 533 651 591 rectitudinis
673 540 797 605 revocet,
812 538 913 612 flagel·
961 548 1122 596 stamentum
1136 543 1200 613 ejun
1217 545 1246 596 ει
1262 542 1315 596 hoc
1328 541 1415 597 modo
1431 542 1549 615 quidem
1564 553 1671 601 seruant
1684 565 1693 601 r
1705 546 1764 602 Me·

108 621 196 677 lando
211 625 334 695 paterna
357 622 509 678 affectione
525 623 656 696 castigat,
678 624 719 680 ita
741 627 862 682 meterius
875 633 913 681 ert
962 646 1048 683 mores
1070 635 1133 684 sunt
1154 630 1344 684 mundatorum
1365 631 1431 702 ejus,
1449 648 1508 686 nou
1527 648 1562 688 ca
1585 635 1767 709 negligenter

107 708 240 764 Dominus
261 709 344 766 nobis
373 711 524 765 timentibus
549 728 585 780 re,
607 712 773 785 castigando
797 715 913 786 pisper
963 716 1770 792 oblivionidantes,promovondoetiamse,adsacienolar

108 798 223 869 liegella
231 798 460 865 tribulationum,
471 798 548 870 quod
561 815 643 872 oque
653 817 706 872 pro
718 801 807 858 nihilo
819 801 912 870 lleret,
962 820 1003 859 ea.
1016 806 1077 860 Nou
1093 806 1172 862 enim
1180 806 1324 863 sufficeret
1335 823 1396 862 esse
1411 824 1569 872 memores,
1586 807 1638 864 uisi
1654 826 1769 866 eorum·

107 886 162 942 nisi
177 887 220 942 ire
234 887 296 958 ejus
309 887 465 959 aliquando
480 886 609 943 liniendo
623 892 706 945 esset.
728 891 762 945 Et
781 890 845 946 ideo
861 891 914 946 mi·
963 891 1029 948 dem
1042 895 1243 965 completores.
1252 895 1285 949 Et
1294 895 1416 950 hocnon
1426 895 1536 951 habent
1546 912 1563 950 a
1573 913 1603 951 se
1615 898 1693 969 quod
1701 902 1769 953 sunt

107 976 199 1030 sertus
213 978 280 1030 est:
294 977 421 1047 quoniam
435 976 498 1046 ipre,
509 975 559 1047 qui
573 975 602 1030 iu
614 975 788 1048 flagellando
797 978 913 1034 videtur
963 985 1145 1035 memoreset
1158 982 1346 1053 complentes,
1358 981 1408 1036 sed
1423 984 1521 1038 alteo.
1537 982 1672 1038 Dominus
1688 983 1768 1039 enim

106 1080 232 1130 severus,
251 1066 351 1119 temen
367 1063 531 1119 miserendo
549 1069 669 1134 cognouit
691 1067 847 1136 tomentum
866 1085 913 1122 no-
964 1068 1159 1139 Peterparaoit
1169 1067 1197 1123 in
1211 1068 1353 1136 eissedcm,
1370 1068 1398 1123 id
1412 1071 1455 1124 εει
1470 1069 1680 1126 habitationem
1690 1088 1769 1127 suom

107 1158 205 1218 etrum,
221 1151 250 1207 id
264 1155 307 1207 est
321 1151 457 1224 cognovit
470 1168 523 1207 nos
544 1169 605 1208 esse
626 1157 759 1210 terrenos
779 1158 807 1211 et
825 1155 915 1227 tragi·
964 1157 993 1210 et
1007 1155 1061 1210 hoc
1069 1157 1097 1209 in
1111 1155 1183 1224 eoeto,
1193 1156 1222 1211 id
1236 1159 1279 1210 est
1291 1173 1343 1228 per
1352 1158 1466 1224 coelum,
1481 1173 1532 1228 per
1543 1158 1698 1227 Christum,
1715 1160 1768 1215 sci·

108 1240 161 1306 les,
177 1242 208 1294 ut
221 1240 393 1311 figmentum
406 1239 497 1312 siguli.
513 1240 636 1312 Exponit
658 1245 754 1297 autem
768 1241 914 1315 quomodo
965 1242 1031 1297 licet
1044 1243 1112 1297 inde
1126 1244 1401 1317 habeanthocquod
1411 1247 1478 1299 sunt
1489 1261 1635 1303 memores
1651 1250 1680 1302 et
1693 1264 1771 1304 corn·

109 1327 282 1399 figmentum
298 1345 405 1395 sumus,
421 1345 487 1383 cum
503 1329 593 1397 addit,
605 1330 712 1386 scilicet
726 1331 774 1402 qui
790 1331 916 1386 visusest
965 1329 1086 1402 pientes,
1103 1331 1171 1402 quia
1184 1331 1265 1386 sedes
1278 1332 1329 1386 Dei
1344 1348 1396 1403 per
1412 1332 1557 1389 Christum
1573 1337 1640 1389 sunt
1656 1335 1769 1406 allecti3

110 1415 159 1471 diu
186 1431 239 1472 ιιεε
263 1416 400 1472 oblivioni
419 1416 542 1484 dedisse,
557 1416 713 1474 recordatus
733 1423 770 1472 ert
789 1419 916 1490 quonium
966 1417 1009 1471 vel
1024 1417 1063 1471 sic
1078 1421 1107 1472 et
1129 1435 1182 1490 per
1198 1419 1253 1474 hoc
1271 1425 1338 1475 sunt
1361 1435 1517 1490 memores,
1539 1421 1608 1493 quia
1631 1424 1771 1478 Dominus

104 1504 299 1577 pulvisrmnru,
312 1505 393 1560 idest
405 1503 514 1559 terreni
525 1507 554 1559 ει
566 1505 665 1560 ιεειιεε
675 1505 713 1560 ad
724 1505 914 1578 peccandum
966 1504 1093 1561 Christus
1102 1508 1129 1560 in
1141 1505 1211 1573 culo,
1225 1505 1255 1561 id
1270 1510 1313 1562 est
1321 1507 1350 1562 in
1370 1507 1425 1562 illis
1435 1507 1516 1563 lactis
1527 1509 1632 1566 coelum
1641 1510 1770 1565 sublimi-

108 1595 139 1650 ει
153 1597 294 1664 quantum
305 1592 341 1648 ad
351 1592 519 1648 nossterilos
532 1609 549 1648 a
562 1593 651 1660 bono,
665 1592 747 1660 sicut,
761 1593 852 1664 pulvis
866 1592 915 1666 qui
965 1596 1024 1649 tate
1045 1598 1075 1649 ει
1100 1594 1240 1666 dignitate
1264 1596 1329 1651 vitae
1351 1597 1463 1667 parauit
1481 1596 1567 1651 sedem
1581 1615 1669 1667 ruant,
1693 1599 1772 1671 quod

108 1681 188 1736 terra
202 1687 254 1748 εει,
271 1685 300 1736 et
309 1684 391 1757 motu
406 1680 507 1748 lacilis,
518 1681 639 1754 etlruge
649 1680 762 1736 sterilis.
780 1682 815 1736 Et
828 1699 915 1737 recor·
965 1684 1008 1737 est
1020 1681 1115 1739 dicere
1131 1699 1138 1737 :
1155 1682 1237 1739 Prius
1259 1683 1328 1740 lecit
1351 1701 1400 1740 oos
1423 1685 1538 1753 coelum,
1560 1689 1590 1741 et
1609 1686 1648 1741 sic
1671 1687 1771 1742 sedem

108 1768 237 1825 dotusest
251 1769 399 1843 quomodo
414 1769 600 1826 omnishomo
619 1770 675 1826 cito
692 1770 874 1843 transitorius
887 1773 916 1825 ει
927 1788 952 1851 Β
964 1787 1046 1826 ειιειιι
1062 1771 1165 1827 elicuit.
1182 1773 1245 1829 Non
1258 1775 1353 1829 solum
1369 1776 1467 1829 autem
1483 1774 1513 1828 in
1529 1774 1703 1846 quibusdam
1727 1791 1771 1829 se·

109 1856 281 1914 defectibilis
290 1861 334 1912 εει
342 1859 411 1911 sicut
422 1858 527 1928 senum,
538 1879 552 1907 a
565 1857 643 1928 quod
654 1857 739 1913 hodie
750 1860 802 1926 cst,
815 1861 844 1913 ει
854 1874 917 1913 cras
967 1858 1025 1926 det,
1040 1858 1088 1914 sed
1107 1877 1217 1931 regnum
1229 1862 1315 1933 ipsius
1338 1861 1457 1916 omnibus
1476 1861 1668 1931 dominabitur,
1686 1862 1716 1917 id
1729 1865 1773 1918 est

108 1945 139 2000 in
167 1946 314 2001 clibanum
348 1945 472 2000 mittitur
499 1944 611 2016 (Mattb.
636 1962 673 2015 vr,
704 1947 759 2018 30).
784 1965 797 1999 ι
819 1947 852 2001 Et
877 1946 917 2001 ita
966 1946 1086 2019 ipsequi
1106 1965 1155 2003 rex
1171 1949 1369 2018 est‚omnibus
1383 1949 1438 2004 illis
1451 1949 1540 2021 quiin
1556 1951 1627 2006 coelo
1641 1952 1708 2004 suut
1720 1950 1772 2004 do-

110 2036 154 2090 εει
165 2033 239 2089 ειειιι
251 2035 350 2089 ιειιιιιιι
365 2033 442 2106 quod
456 2035 515 2088 dier
527 2035 595 2105 ejice,
611 2034 640 2089 id
663 2037 705 2089 est
726 2035 783 2090 vita
805 2035 866 2106 ojus
880 2037 917 2089 sic
968 2036 1136 2106 minabitur,
1153 2042 1182 2092 ct
1195 2053 1310 2108 semper
1330 2037 1527 2094 dominabitur
1547 2039 1622 2095 bone
1642 2037 1770 2111 regendo

110 2123 255 2194 efflorebit,
274 2123 304 2177 id
325 2128 368 2176 est
384 2122 547 2185 deflorebit,
571 2122 678 2177 scilicet
700 2138 734 2177 ex
760 2122 917 2178 floriditate
969 2140 1027 2180 eos.

110 2210 148 2266 ed
164 2211 376 2266 marciditatem
391 2211 446 2266 cito
466 2211 625 2282 perveniet,
636 2213 703 2265 sicut
721 2213 769 2280 flos
784 2213 854 2281 apri,
868 2210 916 2283 qui
1004 2213 1129 2269 Ostensis
1140 2213 1296 2282 beneficiis,
1313 2230 1439 2287 quorum
1460 2215 1592 2270 contuitu
1603 2214 1772 2270 adhortatus

110 2299 167 2354 cito
183 2299 328 2368 inarescit,
354 2302 382 2353 ει
403 2299 478 2354 ιιειιε
499 2299 617 2370 quidem
641 2299 721 2355 addit
739 2301 808 2369 agri.
829 2299 918 2354 Citius
968 2304 1010 2357 εει
1025 2302 1529 2358 animamsuamadbenedicendum
1539 2305 1608 2369 Deo,
1622 2302 1773 2359 adexhor-

109 2371 210 2459 405
222 2387 328 2459 quippe
336 2387 390 2441 llos
398 2386 459 2457 agri
466 2386 600 2441 maresoit
609 2387 776 2458 quisecatur
784 2390 812 2442 ει
823 2386 918 2442 eradi·
969 2389 1108 2445 tationem
1124 2391 1286 2456 revertitur,
1303 2391 1342 2444 sic
1354 2407 1360 2446 :
1371 2390 1433 2446 Dixi
1444 2393 1476 2445 ut
1491 2391 1589 2446 anima
1606 2407 1671 2446 mea
1686 2392 1775 2447 benc·

109 2479 201 2544 catur,
216 2475 285 2530 dum
302 2491 373 2547 ager
385 2478 484 2530 aratur
507 2474 588 2547 quasi
610 2475 662 2531 llos
678 2475 755 2531 horti
770 2476 813 2531 rel
829 2474 916 2547 prati,
967 2477 1043 2532 dicat
1063 2477 1231 2548 Dominum,
1253 2478 1384 2534 contuitu
1402 2478 1600 2534 retributionis
1616 2479 1687 2550 ejus,
1702 2493 1773 2550 quas

110 2564 227 2636 quando
251 2564 392 2620 avellitur.
408 2564 443 2618 Et
465 2563 554 2619 otiam
576 2563 727 2619 recordatur
740 2570 778 2619 ert
791 2565 916 2637 perentam
968 2566 1091 2621 ostendi.
1108 2567 1170 2622 Non
1186 2568 1278 2623 solum
1295 2571 1393 2623 autem
1408 2567 1470 2622 haec
1485 2566 1624 2623 beneficia
1635 2566 1706 2622 mihi
1716 2566 1774 2621 sint

109 2654 228 2724 spiritus,
238 2642 268 2707 id
284 2655 327 2708 est
346 2653 480 2708 voluntas
492 2652 697 2710 cardiacorum
713 2655 741 2707 in
760 2652 816 2721 illo,
832 2652 861 2707 id
874 2653 917 2707 εει
968 2654 1090 2709 materia
1112 2655 1235 2710 Domino
1249 2653 1448 2722 benedicendi,
1463 2655 1513 2710 sed
1528 2656 1615 2711 etiam
1627 2655 1774 2727 ,benedicite

109 2740 918 2813 quantumestinlragilitateilliuspcrtransibitcitodeho·
966 2741 1121 2798 Dominoin
1134 2759 1181 2797 me
1195 2761 1282 2798 ornnes
1301 2743 1389 2813 angeli
1408 2744 1474 2814 ejus,
1491 2742 1520 2798 id
1541 2747 1583 2798 est
1599 2759 1649 2798 vos
1672 2758 1773 2798 omnes

111 2844 150 2884 no
157 2829 195 2883 ad
202 2827 557 2895 malumEtsictransibit,
567 2829 642 2903 quod
649 2845 703 2884 non
710 2829 918 2899 subsanabant
970 2832 1091 2900 apostoli
1107 2830 1260 2885 existentes
1270 2830 1378 2902 angeli,
1388 2830 1417 2885 id
1428 2833 1472 2886 est
1488 2831 1582 2885 nuntii
1595 2829 1657 2901 ejus
1673 2829 1774 2884 benedi·

111 2932 171 2973 non
182 2916 493 2985 absistet,scilicetuon
509 2917 630 2972 cessabit
643 2916 828 2989 pertransire,
839 2919 917 2989 post·
968 2920 1018 2973 cite
1027 2918 1154 2986 Domino,
1163 2918 1191 2973 id
1200 2922 1242 2973 est
1260 2921 1352 2974 estote
1361 2917 1433 2973 mihi
1448 2917 1570 2973 materia
1584 2916 1774 2974 benedicendi

109 3021 198 3077 quam
214 3007 302 3061 semel
312 3005 497 3076 pertransibit,
514 3004 564 3059 sed
586 3021 700 3076 semper
719 3004 754 3058 de
780 3005 857 3059 malo
881 3003 916 3059 ad
967 3006 1103 3074 Domino,
1118 3006 1225 3061 scilicet
1239 3010 1270 3061 ut
1282 3007 1413 3062 contuitu
1425 3006 1573 3078 dignitatis
1584 3009 1696 3074 vestrm,
1710 3023 1773 3062 ma·

109 3094 193 3166 pejus
198 3095 381 3166 pertransibit.
398 3093 436 3148 Ει
455 3097 609 3166 postquam
621 3093 805 3164 pertransibit,
822 3110 873 3165 per
887 3107 916 3147 se
928 3064 952 3123 C
966 3096 1103 3167 gnillcem
1113 3094 1336 3166 [bominumqui
1347 3112 1396 3150 vos
1410 3095 1482 3150 adeo
1496 3095 1599 3166 dignos
1615 3094 1772 3150 lecitelsu·

110 3198 165 3238 non
175 3189 311 3255 monuerat
326 3183 441 3254 amplius
463 3182 548 3239 iocum
562 3199 652 3249 suurn,
672 3181 779 3237 scilicet
793 3199 853 3237 non
868 3198 915 3237 oo·
966 3183 1079 3238 hlimcs.
1095 3183 1275 3238 Determinat
1289 3186 1386 3239 autem
1404 3184 1439 3238 dc
1454 3182 1772 3255 quibusangelisdicat,

110 3276 231 3343 gnoscet
245 3276 352 3328 statum
374 3271 548 3328 innocentiae
572 3289 589 3327 a
610 3288 667 3343 quo
689 3271 863 3342 pertransibit
886 3272 917 3325 ut
966 3288 1031 3326 cum
1053 3271 1154 3326 addit:
1170 3271 1273 3344 Angeli
1292 3272 1363 3343 ejuS,
1385 3271 1516 3344 inquam,
1533 3271 1666 3340 existens,
1678 3277 1773 3341 poten-

111 3361 227 3433 posted
242 3377 311 3416 eum
328 3377 421 3433 perse
438 3362 531 3416 valcat
546 3359 917 3432 redireliicoquodquan-
967 3367 1003 3416 ter
1018 3363 1125 3426 uirtute,
1137 3360 1166 3415 id
1186 3363 1229 3416 εει
1244 3360 1400 3428 miraculis,
1415 3363 1462 3434 qui
1474 3361 1568 3431 sociiis
1583 3360 1691 3414 uerbum
1706 3361 1774 3432 ejus,
1835 3355 1841 3371 '

112 3453 175 3504 tum
192 3449 229 3505 ed
239 3449 428 3522 fragilitatem
443 3449 518 3504 illius
525 3449 708 3520 pertransibit,
720 3455 745 3503 et
754 3464 806 3502 non
820 3464 918 3519 eogno-
967 3449 1016 3521 qui
1026 3449 1327 3522 completispraecepta
1339 3451 1409 3522 ejus,
1421 3447 1618 3521 promovendo
1628 3448 1717 3503 etiam
1726 3465 1775 3505 vos

110 3543 163 3591 rect
173 3537 435 3610 ;sedquantumad
446 3536 674 3592 misericordiam
683 3535 798 3591 Domini
808 3535 860 3607 ipsi
871 3536 918 3609 pio
968 3538 1003 3593 ad
1017 3536 1176 3592 audiendam
1189 3553 1277 3591 uocem
1290 3554 1441 3592 sermonum
1461 3537 1528 3606 ejus,
1551 3535 1580 3589 id
1596 3539 1639 3591 εει
1657 3536 1693 3591 ad
1720 3536 1776 3590 hoc

110 3625 275 3681 auxiliantis
289 3628 444 3697 cognoscet
459 3627 488 3680 et
507 3627 667 3681 revertetur
685 3623 721 3680 ad
744 3623 917 3679 innocentiae
968 3629 1000 3680 ut
1011 3626 1082 3680 alios
1092 3625 1192 3680 audire
1204 3625 1315 3680 luctatis
1329 3641 1429 3679 vocem
1440 3626 1540 3679 vestra
1549 3622 1774 3694 praedicationis,

110 3716 229 3770 statum.
240 3714 273 3768 ut
287 3715 342 3770 hoc
350 3717 393 3768 est
405 3713 483 3786 quod
492 3713 712 3786 aequipollenter
722 3712 799 3767 dicit.
807 3711 917 3769 Miseri·
967 3715 1203 3784 repraesentatem
1215 3729 1363 3767 sermones
1374 3713 1435 3783 ejus
1447 3710 1573 3766 Domini.
1582 3711 1616 3764 Et
1626 3727 1675 3765 ros
1686 3710 1775 3765 etiam

110 3802 203 3858 cordio
216 3809 307 3856 autem
318 3803 442 3864 Domini,
449 3805 555 3868 etc.,ac
566 3799 716 3855 sidiceret:
726 3799 872 3864 Quantum
881 3798 918 3855 ad
967 3818 1055 3856 omnes
1070 3802 1183 3856 virtutes
1196 3801 1220 3872 ej
1226 3818 1258 3855 us
1266 3801 1493 3871 supercoelestes,
1507 3798 1648 3854 benedicite
1659 3798 1775 3853 Domino

111 3907 142 3946 εε
160 3904 247 3946 nemo
268 3890 466 3961 pertransiens
483 3889 651 3955 revertetur,
674 3889 724 3944 sed
738 3888 918 3944 misericordie
967 3889 1163 3956 inmc,estote
1179 3888 1251 3943 mihi
1262 3887 1614 3960 contemplenlinaturam
1626 3886 1776 3958 dignitatis

110 3974 225 4035 Domini
239 3980 283 4033 εει
305 3994 381 4048 super
402 3993 466 4046 nos,
485 3979 561 4031 casto
585 3981 707 4032 tementes
722 3992 791 4044 curn,
811 3976 919 4032 scilicet
968 3976 1205 4044 vestrae,materia
1213 3975 1403 4031 benedicendi
1415 3976 1585 4031 Dominoln
1596 3975 1715 4030 Hebraeo
1726 3974 1776 4030 hu-

112 4063 917 4138 estinsuperiorinostro,scilioetinrationalitatenostra‚
967 4066 1052 4122 betur
1070 4081 1159 4119 omnes
1177 4066 1306 4120 exereitus
1320 4065 1386 4136 ejus.
1409 4065 1465 4120 Vos
1483 4066 1594 4119 uirtutes
1621 4063 1697 4130 dico,
1713 4063 1772 4118 exi·

113 4149 306 4228 utpostquam
315 4152 525 4219 transierimus,
537 4151 918 4227 nosrerertilaciotperpoe·
968 4157 1075 4210 stentes
1087 4155 1204 4210 ministri
1219 4153 1276 4226 ejus
1290 4155 1337 4227 qui
1347 4156 1440 4225 soritis
1454 4153 1601 4209 oobrmatcr
1616 4153 1683 4226 ejus,
1695 4152 1775 4208 robis

114 4242 269 4300 nitentium
284 4245 313 4297 et
325 4240 763 4297 satisfactionem.Misericordia
777 4242 840 4298 dico
850 4259 918 4315 opo·
968 4244 1121 4315 injunctas.
1138 4242 1219 4298 Unde
1234 4244 1386 4314 Apostolus
1404 4261 1412 4297 :
1435 4265 1449 4294 ιι
1475 4242 1576 4297 Nonne
1592 4258 1693 4296 omnes
1708 4242 1777 4295 sunt

114 4347 183 4388 raus
195 4331 226 4385 in
240 4328 409 4385 hominibus
424 4328 458 4382 ab
472 4335 573 4383 <eterno
587 4335 612 4383 ct
630 4345 710 4400 usque
732 4331 760 4383 in
778 4337 956 4409 eternum,1)
969 4331 1205 4388 administratorii
1226 4331 1342 4401 spiritus
1359 4331 1460 4400 (Hebr.
1485 4347 1504 4394 1,
1526 4331 1581 4397 rt),
1606 4351 1620 4379 n
1636 4331 1692 4383 etc.
1711 4328 1773 4383 Non
1852 4381 1856 4390 ,

112 4419 145 4476 id
152 4423 195 4475 est
206 4436 224 4474 a
229 4417 325 4490 primo
329 4416 408 4487 justo
420 4415 554 4488 usquead
565 4415 698 4471 ultimum
709 4417 919 4487 justumtuxta
969 4423 1082 4476 tantum
1098 4436 1165 4475 vera
1180 4418 1302 4490 angelici
1314 4421 1432 4485 uirtutes,
1446 4416 1569 4472 materia
1577 4416 1648 4472 mihi
1658 4416 1773 4472 sintbe-

113 4507 193 4581 qnod
207 4506 267 4578 ipss
282 4504 427 4576 promittit
441 4502 471 4558 in
485 4502 638 4575 Evangelio
646 4503 713 4566 suis,
724 4503 821 4560 dicens
831 4520 857 4559 ιε
867 4505 917 4561 Εε-
968 4491 1464 4577 ιιειιίεειιιιιιιοιιιιιιο,406εειιιιι
1476 4504 1671 4561 universaliter
1680 4504 1775 4560 dicam

114 4611 147 4652 eo
163 4611 218 4667 ego
239 4593 387 4649 vobiscum
407 4609 470 4649 sum
490 4591 625 4647 omnibus
645 4591 745 4648 diebus
766 4609 857 4666 usque
881 4593 918 4649 ad
967 4613 1017 4652 ros
1028 4597 1117 4650 omnia
1131 4611 1210 4664 opero
1222 4593 1288 4665 ejus,
1307 4593 1584 4660 benedicithornino,
1601 4592 1685 4648 idest
1699 4593 1774 4647 esto-

113 4681 397 4740 oonsummatiouem
411 4680 507 4737 saeculi
519 4679 612 4751 (Mati.
620 4680 776 4752 xxvrxntb).
788 4682 865 4737 »Non
876 4697 921 4737 so·
969 4687 997 4739 te
1008 4683 1079 4738 mihi
1091 4682 1213 4737 materia
1223 4680 1413 4737 benedicendi
1423 4681 1773 4746 Dominodtnonsolum,

115 4773 287 4828 tumentem
307 4769 489 4824 misericordia
513 4772 554 4824 est
572 4787 649 4840 super
671 4772 800 4837 timentes,
824 4770 873 4826 sed
895 4777 920 4825 ct
970 4772 1078 4838 anima,
1094 4769 1247 4826 benedicas
1262 4769 1395 4837 Domino,
1406 4769 1538 4825 contuitu
1552 4768 1697 4824 bonorum
1710 4783 1774 4838 quie

110 4859 218 4933 justitia
232 4857 433 4926 itlius‚scilicet
447 4860 479 4912 ut
494 4879 508 4909 ιι
521 4856 569 4928 qui
582 4857 676 4928 justus
691 4861 736 4912 est
748 4857 921 4929 justificetur
970 4859 1031 4931 ipse
1053 4862 1199 4929 operatur,
1219 4859 1269 4913 sed
1291 4858 1379 4914 otiam
1408 4857 1524 4923 benedic,
1547 4874 1561 4910 o
1585 4857 1677 4910 animo
1704 4871 1774 4922 inea,

114 4950 209 5006 adhuc
220 4948 318 5022 (Aper.
332 4963 400 5011 xxu,
415 4949 472 5017 ll),
485 4947 690 5017 rimpeudetur
704 4948 744 5002 ba
760 4949 921 5020 quiseroant
970 4947 1097 5014 Domino,
1107 4948 1135 5000 in
1147 4949 1221 5002 omni
1241 4947 1295 5002 loco
1317 4947 1508 5001 dorninationis
1520 4945 1587 5014 ejus,
1603 4943 1633 4998 id
1654 4947 1696 4998 est
1708 4959 1776 4997 oon·

116 5043 310 5105 testamentum,
321 5036 351 5091 id
366 5038 409 5091 εει
421 5036 518 5106 legem
534 5035 595 5105 ejus
609 5035 693 5091 nobis
714 5035 831 5103 scilicet,
844 5035 922 5106 quod
971 5035 1167 5093 sideratitioue
1179 5035 1275 5091 omnis
1289 5035 1345 5090 loci
1358 5031 1576 5098 dominationis,
1586 5030 1658 5102 ejus,
1668 5029 1776 5086 scilicet

116 5130 160 5182 est
174 5125 269 5181 dicore
286 5139 292 5178 :
307 5124 369 5179 Non
383 5123 477 5177 solum
494 5120 523 5176 in
540 5121 710 5177 timentihut
724 5120 923 5177 misericordia
973 5124 1068 5180 omnis
1076 5127 1165 5180 status
1176 5121 1384 5179 dominationis
1392 5121 1463 5192 ejus,
1473 5122 1534 5175 tam
1552 5119 1582 5175 in
1593 5119 1775 5192 bonisquam

54 5249 58 5256 -
115 5215 178 5286 ejus
194 5211 372 5285 operabitur,
392 5210 443 5265 sed
455 5213 483 5264 ει
492 5208 615 5281 justitia,
627 5212 659 5263 ut
666 5209 814 5280 justificati
830 5209 922 5282 magis
973 5213 1003 5269 in
1014 5212 1097 5268 malis
1107 5229 1114 5279 ;
1126 5212 1205 5284 quod
1220 5216 1262 5266 ost
1275 5211 1370 5267 dicere
1387 5226 1393 5264 :
1409 5208 1565 5264 Considera
1580 5208 1703 5280 qualiter
1714 5223 1775 5263 non

114 5303 317 5378 justificentur.
330 5300 444 5355 institia
452 5300 508 5371 ejus
518 5298 581 5354 dico
591 5315 650 5353 non
660 5300 754 5354 solum
770 5303 924 5372 operatura
973 5302 1156 5358 solummodo
1172 5299 1339 5356 dominatur
1349 5297 1481 5366 bonis,ut
1491 5297 1520 5352 in
1533 5297 1645 5352 bonum
1660 5297 1775 5360 cedant,

118 5394 150 5449 ιιι
164 5389 353 5463 presentibus
363 5388 456 5460 justis,
471 5388 521 5444 sed
540 5386 709 5458 pertingens
723 5405 812 5462 usque
827 5388 856 5445 in
871 5405 923 5446 no·
973 5392 1023 5447 sed
1038 5389 1126 5444 ctiam
1139 5387 1271 5455 malis,ut
1279 5388 1315 5442 ad
1325 5385 1486 5459 quamlibet
1495 5386 1648 5442 utilitatem
1659 5401 1777 5441 suorum

116 5481 249 5537 nissimos
262 5478 331 5548 filios
345 5478 473 5547 fitiorum,
488 5477 517 5533 id
533 5479 576 5531 est
594 5492 684 5548 usquo
696 5477 725 5533 in
737 5479 924 5536 novissimam
975 5478 1139 5535 deveniant.
1156 5478 1190 5530 nt
1213 5476 1266 5530 hac
1285 5474 1515 5531 consideratione
1539 5474 1643 5531 unua
1663 5475 1779 5532 Domino

120 5565 456 5653 progenismjustorum.
465 5564 591 5642 Exponit
602 5567 700 5624 autem
713 5568 860 5642 momodo
869 5586 924 5630 rer·
978 5566 1028 5642 qui
1037 5554 1112 5626 hanc
1124 5563 1288 5623 mirabilem
1304 5561 1392 5622 hebet
1405 5563 1576 5640 potentiam.
