3772 5970
102 272 155 332 303
531 270 561 328 S.
576 271 749 329 BRUNONIS
769 268 1085 331 marnushtlouun
1104 272 1336 333 lnsrrroroms
1712 283 1765 341 ὅθί

104 425 119 459 n
136 418 251 460 sumere
263 400 299 458 de
314 400 358 457 his
373 399 528 473 praedictis,
552 400 620 473 quia
638 414 741 455 omues
763 399 907 472 praedictae
916 425 945 484 A
958 414 1014 469 quo
1024 415 1058 453 ex
1070 399 1123 454 hac
1136 400 1268 459 lactama
1280 404 1378 458 sancto
1391 401 1547 458 Carthusiae
1560 402 1766 464 fundationem

107 515 122 544 n
137 493 245 564 regulae
260 493 327 545 sunt
341 492 384 545 vel
393 490 511 545 suerunt
524 490 560 544 de
575 491 632 545 vita
647 490 795 545 communi
811 491 840 543 ct
851 506 907 544 coe-
958 485 1007 540 Dei
1024 501 1095 556 opus
1111 505 1182 556 esse,
1193 490 1380 562 intelligeret,
1393 490 1490 561 itaque
1516 490 1553 545 ad
1569 492 1644 548 hane
1654 500 1769 566 aposto·

105 603 120 634 »
137 581 263 636 nobitica
274 579 423 647 instituta;
438 579 473 633 de
488 579 623 633 vitavere
640 578 788 633 eremitica
802 577 909 632 inveni·
957 573 1011 628 lica
1021 576 1188 631 auctoritate
1205 578 1436 634 confirmandam
1448 583 1624 647 moveretur,
1636 582 1766 639 oblatam

107 692 121 719 n
131 674 177 725 tur
192 670 293 740 regula
307 668 457 723 laudabilis
469 672 498 722 ct
511 669 623 733 devota,
641 684 658 722 a
673 667 751 722 Pelio
767 666 907 722 Damiano
957 660 1053 731 foisse,
1069 668 1147 720 ratus
1171 666 1255 722 luisse
1276 668 1371 739 reipsa
1389 667 1439 722 abs
1458 667 1506 722 illo
1527 668 1683 725 Carthusiae
1698 672 1766 727 lon-

104 781 121 811 »
137 759 210 831 stylo
223 757 458 828 eloquentissimo
472 757 549 811 edita
560 759 589 811 et
607 756 727 827 digesta,
743 756 793 810 sed
806 772 859 810 nec
874 755 907 810 il·
957 752 1106 809 dationem
1119 756 1334 823 confirmatam,
1349 757 1378 811 in
1395 755 1527 811 animum
1538 757 1662 827 induxit,
1675 763 1705 815 ut
1720 778 1765 817 se·

106 868 120 898 »
138 849 367 920 lampotuerunt
386 848 415 900 et
430 847 586 900 noluerunt
604 844 908 900 Carthasicnsesassu-
958 847 1089 915 quantes,
1111 845 1215 917 quibus
1243 861 1307 900 rem
1336 846 1411 899 hauc
1438 845 1526 913 canit,
1556 862 1653 903 versus
1674 850 1766 907 fidem

106 959 120 986 »
138 953 228 1004 mere,
246 936 313 1007 quia
328 935 386 989 vita
401 933 655 1000 Carthasiensium,
670 937 801 1005 utsupra
816 936 909 987 osten·
958 930 1077 986 iaciunt.

102 1046 119 1075 -n
137 1042 201 1080 sum
218 1028 271 1093 est,
286 1024 416 1096 quamvis
431 1041 448 1078 a
463 1023 567 1094 majori
582 1026 611 1077 et
625 1022 749 1094 digniori
768 1026 849 1093 parte
873 1021 910 1078 sit

107 1138 122 1165 »
139 1114 287 1170 eremitica
296 1113 464 1186 judicanda,
480 1117 579 1168 tamen
591 1116 633 1167 est
646 1112 807 1183 composita
820 1128 854 1165 ex
866 1129 910 1168 so·

106 1226 118 1255 s
132 1204 224 1259 litaria
233 1203 428 1257 etcommuni.

141 1296 203 1349 498.
218 1315 231 1344 o
245 1294 279 1346 Et
288 1292 353 1347 ideo
370 1289 490 1348 omnino
511 1292 648 1363 oportuit,
660 1309 726 1347 curn
741 1294 820 1349 nulla
831 1293 911 1367 prius

90 1373 120 1433 'u
135 1381 282 1438 essettalis
292 1381 406 1452 religio,
421 1380 831 1453 quodsibisaccrcntregulam
845 1398 909 1452 spe·

107 1470 242 1526 natalem.
260 1469 332 1533 Quia
342 1470 500 1524 secundum
511 1470 625 1540 regulas
637 1486 723 1540 supra
737 1470 826 1526 dictas
834 1469 910 1526 beati

107 1581 120 1611 a
138 1558 301 1631 Augustini,
316 1557 461 1613 Benedicti
476 1559 635 1613 etaliorum
646 1560 911 1631 suprascriptorum

107 1672 122 1703 u
140 1650 912 1717 monachivelcanonicisimulhahitaredebent,sirnul

22 1784 26 1792 .
107 1760 123 1791 n
138 1741 303 1805 comedere,
315 1739 401 1793 simul
414 1739 542 1794 dormire
558 1742 587 1794 et
602 1739 640 1793 sic
654 1739 825 1812 desingulis‚
842 1741 950 1801 sicutB

107 1829 220 1901 »exigit
231 1827 467 1884 vitacoenobitica
479 1832 508 1882 et
523 1828 914 1885 communis.Carthusienses

108 1941 123 1971 n
137 1936 217 1991 ergo,
235 1919 283 1990 qui
299 1935 352 1989 pro
362 1917 465 1989 majori
480 1921 562 1990 parte
576 1918 808 1973 anachoreticam
824 1920 914 1975 vitam

107 2029 123 2059 n
140 2009 258 2074 ducunt,
276 2011 304 2062 et
320 2007 373 2061 soli
390 2007 559 2077 frequenter
569 2007 727 2062 comedunt
740 2011 768 2062 et
778 2007 830 2062 soli
846 2008 913 2063 dor-

107 2118 123 2147 »
141 2095 514 2167 miunt,sicutsuperlusest
526 2099 746 2162 ostensnrn,n0n
756 2099 914 2168 potuerunt

110 2206 124 2236 n
136 2200 250 2240 sumere
274 2183 401 2255 aliquam
417 2184 548 2254 regulam
566 2183 601 2238 de
622 2184 775 2254 praedictis.
796 2185 914 2242 Sedsibi

108 2294 123 2323 n
136 2289 252 2341 novam,
262 2275 390 2327 sanctam
400 2274 428 2325 ct
434 2271 637 2327 rationabilem
649 2272 913 2340 ediderunt,sancto

107 2381 122 2413 >s
137 2362 243 2432 Spiritu
252 2361 528 2432 inspirante,quam,
539 2360 912 2434 eodcmSpirituoperante,

108 2452 232 2504 »sancta
250 2450 382 2503 Romana
399 2448 523 2504 Ecclesia
536 2466 569 2503 ex
585 2453 663 2504 certa
683 2450 802 2505 scicntia
820 2451 913 2521 perle-

106 2559 121 2589 »
138 2537 263 2592 ctissime
277 2537 469 2611 confirmavit,
481 2539 513 2591 ut
527 2537 816 2609 alibiprobabimus.»
826 2539 913 2594 Erhis

105 2631 135 2683 et
150 2626 222 2692 aliis,
238 2643 302 2698 quae
327 2624 451 2680 diximus
477 2641 573 2696 supra,
592 2629 681 2697 patet,
699 2626 914 2683 Carthasienses

105 2713 913 2789 specialequoddamvitremorvasticiegenusassumpsisse

105 2824 138 2861 ac
153 2804 275 2877 proinde
296 2803 441 2869 ordinem,
464 2803 499 2857 ab
520 2802 582 2857 aliis
597 2803 747 2859 ordinibus
758 2805 912 2874 diversum,

86 2877 89 2884 ¹
104 2894 276 2949 constituere
290 2891 321 2945 in
340 2890 463 2945 Ecclesia
478 2890 539 2945 Dei.
553 2911 566 2941 »
583 2893 623 2946 lta
637 2892 776 2947 hactenus
793 2894 912 2950 Carthu·

103 2983 200 3039 siauus
214 2997 378 3052 anonymus
392 2979 536 3047 laudatus,
554 2996 569 3034 e
582 2980 754 3048 rationibus,
770 2985 832 3036 turn
843 3001 913 3055 quas

104 3074 239 3127 eBosonc
267 3069 336 3141 ipsis
363 3068 447 3138 hujus
476 3068 570 3123 verbis
589 3073 730 3138 recenset,
754 3074 816 3125 turn
844 3090 914 3145 quas

104 3161 219 3217 aliunde
235 3157 350 3230 repetit,
359 3157 548 3224 contendens,
558 3160 690 3228 regulam
707 3176 724 3213 a
736 3162 841 3232 regulis
854 3179 915 3218 om-

104 3250 188 3305 nibus
216 3244 451 3301 antecedentibus
477 3245 629 3313 diversam,
657 3247 859 3304 Carthasianos
882 3268 914 3305 ac

104 3337 188 3409 proin
206 3335 235 3389 S.
253 3334 431 3398 Brunonem,
444 3332 493 3404 qui
507 3333 648 3388 hosillam
665 3352 714 3391 suo
732 3338 863 3409 exemplo
872 3339 913 3393 vi·

105 3421 249 3494 vendique
264 3419 350 3474 modo
363 3419 509 3488 docuerat,
528 3420 582 3474 sibi
592 3424 763 3479 servandam
771 3427 911 3482 statuisse.

105 3513 138 3566 Et
154 3526 221 3565 vero
235 3508 423 3573 cum‚utBoso
433 3508 483 3574 ait,
493 3508 750 3568 carthusianorum
765 3513 828 3569 vitae
840 3516 913 3571 ratio

104 3599 211 3673 partim
222 3595 381 3662 eremitica,
392 3596 498 3668 partim
513 3599 686 3654 coenobitica
703 3601 749 3669 sit,
760 3620 812 3658 nec
825 3606 883 3659 ulla
898 3621 914 3660 e

104 3687 220 3760 regulis,
241 3689 308 3742 ante
334 3684 362 3739 S.
378 3686 521 3741 Brunonis
539 3690 656 3743 atatem
673 3693 850 3764 conscriptis,
860 3694 913 3748 hu·

103 3775 231 3852 jusmodi
245 3774 309 3829 vitm
323 3775 423 3846 generi
439 3775 514 3829 lorct
524 3779 725 3848 accommoda,
736 3781 822 3836 aliam
834 3799 913 3851 sane,

992 1019 1126 1091 Septimus
1136 1022 1241 1078 eccelsia
1258 1024 1341 1078 titulis
1355 1024 1384 1077 in
1398 1023 1455 1077 sede
1469 1023 1569 1078 Latine

994 1109 1139 1181 Gregorius
1154 1112 1268 1168 residens
1278 1114 1347 1167 orbis
1367 1114 1496 1167 retinebat
1505 1114 1640 1180 babenes3

994 1198 1052 1266 Ouo
1067 1204 1203 1269 inoriente,
1220 1202 1313 1256 babuit
1323 1202 1401 1256 Petri
1409 1202 1592 1257 moderamina
1609 1203 1711 1268 Victor,

993 1288 1072 1361 isque
1087 1291 1122 1345 ad
1137 1291 1297 1362 olympiacos
1313 1299 1369 1345 tum
1382 1292 1453 1362 sorte
1468 1294 1570 1363 aspecit
1584 1295 1613 1348 in
1627 1310 1701 1361 oses,

994 1377 1145 1452 Felicesque
1159 1381 1250 1436 citeros
1259 1380 1467 1451 oiditsplendere
1482 1397 1588 1436 corusco

995 1466 1108 1522 Sedibus
1120 1486 1133 1523 e
1146 1471 1243 1524 senatis
1257 1469 1348 1523 latum
1365 1471 1494 1524 associare
1510 1469 1678 1536 Tonantcm3

997 1555 1051 1622 Qui
1066 1555 1372 1628 Cartlrusiacosperpens
1385 1557 1589 1620 inviscrccolles,

995 1644 1039 1698 Hi
1052 1645 1104 1700 sibi
1115 1645 1269 1716 fundabant
1284 1647 1381 1717 dignus
1397 1648 1425 1699 in
1435 1646 1613 1702 cotibucaedcs
1658 1699 1662 1706 ,

999 1732 1151 1806 Obstupuit,
1169 1734 1341 1789 montesilice
1356 1741 1381 1789 ct
1401 1735 1480 1789 clima
1494 1736 1608 1801 notauit,

999 1821 1193 1895 Cursornnque
1204 1824 1266 1877 illuc
1281 1823 1388 1878 celerem
1395 1823 1537 1894 celeresque
1553 1821 1663 1878 tabellas

997 1911 1076 1967 Misit
1089 1919 1113 1966 ct
1127 1912 1242 1982 Huponi
1253 1914 1309 1966 visa
1322 1913 1377 1967 baec
1389 1912 1519 1967 miracuta
1529 1913 1644 1982 scripsit.

997 2000 1082 2070 Hago
1093 2001 1251 2063 admiratus,
1264 2001 1437 2073 quodcunque
1449 2006 1569 2055 euennat
1582 2000 1627 2054 ille

1000 2090 1130 2161 Tempore
1142 2093 1285 2161 rescripsit,
1294 2107 1385 2162 qiraeec
1398 2092 1426 2144 in
1433 2090 1581 2159 confinibus
1591 2089 1642 2143 illis

998 2178 1101 2248 Eperot
1115 2179 1296 2250 Omnipotens,
1313 2180 1415 2234 calamo
1427 2180 1474 2233 dat
1488 2186 1551 2232 rvote
1562 2177 1675 2244 venati,

998 2268 1140 2323 Doctorum
1152 2276 1177 2322 et
1185 2286 1259 2322 serios
1270 2271 1375 2323 conutcs
1385 2287 1402 2322 e
1418 2269 1521 2322 turbine
1534 2267 1630 2321 mundi

1000 2357 1153 2421 Conuersus,
1166 2365 1263 2429 septem
1270 2357 1404 2411 stellarum
1416 2357 1518 2411 lumina
1532 2373 1578 2411 nec
1592 2373 1646 2409 non

1001 2447 1109 2502 Ordinis
1124 2449 1221 2517 incepti
1234 2447 1336 2512 seriani,
1350 2447 1522 2518 strictumque
1536 2448 1663 2516 rigorem.

1000 2538 1061 2592 500.
1093 2535 1218 2590 Nuncius
1252 2535 1383 2600 abscessit,
1417 2535 1576 2606 Latiamque
1602 2533 1698 2588 redivit
1735 2531 1771 2588 ad

1586 2623 1698 2694 [urben.

998 2713 1136 2769 discimus
1147 2712 1283 2768 utPastor
1291 2715 1358 2785 cepit
1368 2730 1436 2767 nove
1450 2715 1560 2774 nuricic,
1573 2712 1692 2782 gaudem

1000 2803 1134 2860 Convocat
1148 2804 1274 2876 externplo
1282 2812 1382 2875 putres,
1398 2810 1572 2875 sanctumque
1584 2809 1716 2863 senatum,

999 2893 1070 2960 Quos
1083 2893 1206 2948 Romana
1215 2894 1284 2963 fecit
1294 2894 1418 2947 subtimes
1429 2909 1566 2963 purpura,
1577 2891 1677 2962 pandit

999 2983 1092 3049 Omne,
1108 2983 1179 3054 quod
1194 2983 1335 3048 occiderat,
1350 2983 1465 3051 sactum,
1482 2988 1508 3035 et
1518 2981 1646 3035 diuinitus
1661 2985 1772 3034 auctum

999 3072 1175 3142 Conpnnuuit
1190 3090 1254 3143 opus
1269 3073 1335 3127 votis
1348 3072 1520 3125 concordibus
1530 3071 1608 3138 erik,
1792 3060 1796 3069 Α

998 3162 1155 3233 Divinisqne
1169 3161 1245 3224 illud,
1257 3162 1375 3230 corasccto
1384 3166 1544 3230 grammate,
1552 3159 1627 3214 donis

999 3250 1131 3316 Munieit,
1144 3252 1276 3321 variisque
1292 3251 1383 3320 effecit
1396 3248 1499 3303 dotibus
1511 3248 1622 3314 ebrium,

998 3339 1198 3410 servanturque
1214 3341 1282 3392 notis
1295 3341 1401 3407 signeto
1416 3337 1574 3407 bifrontibus
1588 3354 1654 3390 ara.

999 3428 1054 3483 Hic
1070 3429 1200 3499 scitante
1213 3427 1329 3496 predum
1342 3428 1460 3498 supremi
1474 3427 1596 3480 culminis
1610 3425 1692 3479 obbas

999 3517 1100 3572 illontia
1117 3516 1251 3586 Olieiseri,
1267 3518 1312 3570 cui
1323 3533 1417 3570 nomen
1427 3516 1461 3569 eb
1477 3516 1541 3569 urbe
1551 3513 1675 3581 Carinas,

1001 3607 1066 3674 Qun
1080 3608 1136 3676 fuit
1147 3605 1310 3660 AEneednm
1321 3605 1450 3659 celebrato
1462 3604 1563 3658 retortio
1574 3603 1719 3676 quondam.

1001 3696 1063 3751 Hoc
1078 3701 1102 3748 et
1114 3695 1182 3749 idem
1191 3695 1282 3765 plures
1292 3696 1391 3748 sunimi
1401 3694 1486 3764 secere
1496 3700 1629 3764 parentes,

1001 3783 1055 3851 Qiii
1068 3790 1148 3855 caput
1158 3783 1288 3838 arcelaum
1300 3784 1399 3854 triplici
1409 3783 1684 3851 diedeniatccinpunt.

108 3884 172 3938 quie
183 3866 236 3919 hac
246 3864 440 3936 praerogativa
451 3864 601 3935 gauderet,
617 3867 670 3921 sihi
687 3869 801 3940 suisque
817 3888 916 3943 sequa·
967 3876 1009 3928 lta
1020 3873 1076 3939 ille,
1093 3875 1122 3925 et
1133 3871 1281 3941 visionem,
1298 3889 1385 3944 quarn
1399 3872 1444 3925 hic
1461 3871 1548 3937 canit,
1557 3870 1663 3925 Victori
1680 3886 1774 3943 papae,

107 3957 187 4010 cibus
200 3953 372 4023 prescribere
389 3969 438 4007 seu
456 3952 533 4006 hisce
553 3957 685 4026 exemplo
700 3974 750 4012 suo
765 3959 914 4031 effingere,
967 3980 1025 4017 nou
1042 3961 1145 4029 adhuc,
1157 3965 1187 4015 ut
1195 3962 1259 4031 J'am
1276 3961 1342 4027 dixi,
1361 3960 1521 4015 Cassinensi
1542 3960 1697 4027 monacho,
1714 3962 1773 4024 aut,

108 4057 225 4098 necesse
250 4040 388 4094 habuere.
420 4040 541 4095 Sanctus
569 4045 668 4097 noster
696 4045 840 4118 primique
856 4048 917 4119 ejus
971 4051 1102 4117 simavis,
1119 4051 1226 4117 abbati,
1244 4048 1776 4121 sedjam,contraacGaulredusscri·

109 4126 251 4200 discipuli,
267 4126 354 4197 idque
371 4126 504 4198 proinde,
531 4132 563 4183 ut
577 4131 670 4185 verbis
689 4134 814 4190 recitatis
830 4153 918 4192 anna·
968 4141 1021 4207 bit,
1036 4144 1132 4194 creato
1149 4157 1263 4194 summo
1278 4140 1417 4212 pontifici,
1432 4140 1517 4193 luisse
1533 4139 1670 4205 oblatam,
1686 4139 1776 4194 etabs

110 4219 181 4276 lium
193 4214 438 4272 carthusiensium
458 4219 558 4271 auctor
579 4235 741 4293 anonymus
756 4225 917 4293 contendit,
968 4229 1017 4283 illo
1034 4228 1192 4282 Carthasim
1217 4228 1430 4296 fundationem,
1452 4244 1517 4282 cum
1541 4227 1615 4282 hanc
1634 4226 1690 4281 aS.
1710 4228 1777 4282 Bru·

110 4325 142 4363 re
159 4305 246 4361 etiam
262 4320 330 4359 vera
344 4303 443 4357 iecisse
460 4305 642 4362 existimandi
662 4315 745 4379 sunt;
761 4313 837 4384 quod
853 4331 918 4370 curn
931 4312 957 4371 D
971 4318 1171 4384 nonelactam,
1183 4317 1775 4389 exHugone,Gratianopolitanoepiscopo,

111 4398 253 4469 praeterea
270 4409 303 4447 ex
319 4391 380 4446 aliis
395 4392 482 4447 ctiam
499 4410 584 4465 sopra
609 4397 689 4452 dictis
710 4402 777 4455 satis
797 4402 918 4457 inanile-
970 4406 1167 4471 intellexisset,
1184 4406 1257 4460 datis
1278 4406 1380 4462 litteris
1397 4405 1559 4478 apostolicis
1571 4405 1776 4460 confirmatam

113 4488 189 4540 stum
205 4483 353 4554 appareat,
368 4481 457 4536 linem
471 4483 513 4537 rei
528 4484 612 4555 hujus
627 4486 778 4544 discutioni
789 4491 918 4562 impono.
971 4495 1066 4561 luisse,
1095 4495 1245 4550 memoria
1263 4496 1398 4568 prodens.
1421 4497 1525 4549 Verum
1548 4493 1778 4549 confirmationis

115 4607 227 4679 ἔχω,
243 4605 290 4659 Αη
310 4605 401 4659 piceo,
418 4605 467 4660 HJ
476 4626 550 4679 papa
570 4608 785 4669 carthusiensem
802 4616 921 4671 ordinem
970 4584 1056 4653 hujus
1070 4584 1430 4654 necipsemetGavlredus,
1449 4584 1497 4655 qui
1517 4583 1657 4638 visionem
1671 4581 1778 4637 Victori

150 4677 314 4750 approbarit,
338 4684 363 4731 ct
390 4681 556 4749 quisanctus
577 4681 720 4751 Huponcm
743 4684 920 4758 Gratianopo-
972 4674 1191 4744 P⁸Pffl⁰blfllflm
1215 4673 1321 4741 scribit,
1352 4690 1404 4727 nec
1424 4673 1473 4727 Ulli
1493 4672 1551 4741 alil,
1568 4688 1640 4743 <1¹1⁰s
1657 4672 1777 4743 (Ibidem

149 4752 263 4834 titanum
277 4750 424 4831 episcopum
435 4752 482 4831 'titt'
490 4760 647 4835 reverentem
658 4755 789 4837 dubitent,
806 4756 921 4814 Certdu-
971 4762 1109 4816 hactenus
1117 4761 1250 4828 viderim,
1262 4762 1461 4817 meminerunt
1469 4763 1631 4833 scriptores,
1641 4762 1779 4817 Zacharia

148 4838 245 4893 wille
257 4837 372 4873 eremum
387 4821 437 4874 Vll
452 4821 550 4878 dmum
569 4832 727 4895 ''lb'ell‘mb
971 4850 1127 4905 Benedicto
1144 4851 1334 4922 antiquiores.
1359 4850 1429 4905 Hine
1453 4851 1495 4917 nt,
1518 4855 1549 4904 ut
1564 4850 1645 4904 illam
1660 4867 1694 4904 ex
1708 4866 1779 4905 con·

150 4931 212 4984 loo.
224 4923 619 5001 Gaulrcllo,Vosiensipriori,
632 4932 919 5005 qui,utsupradocui,
967 4938 1082 5009 jectura
1098 4941 1224 5008 tantum,
1242 4955 1330 5011 quam
1343 4956 1359 4993 e
1374 4939 1485 4993 credita
1503 4938 1566 5004 sibi,
1582 4954 1645 5010 quae
1670 4937 1780 4993 Victori

116 5017 220 5073 Victori
236 5017 272 5070 lll
287 5032 370 5087 papae
389 5016 539 5085 visionem,
563 5036 620 5091 qua
640 5021 868 5093 hicltominum,
892 5025 921 5080 in
971 5028 1059 5081 luerit
1084 5028 1189 5094 oblata,
1220 5028 1328 5083 visione
1358 5027 1504 5095 formavit,
1528 5027 1680 5081 metricum
1695 5027 1780 5082 illum

117 5104 272 5161 Carthasim
294 5119 392 5158 eremo
408 5104 602 5162 habitaculum
626 5109 679 5163 sibi
694 5116 919 5180 construentem,
972 5115 1068 5170 Sancti
1087 5116 1175 5171 nostri
1197 5115 1391 5188 biographum
1409 5116 1570 5183 astruxisse,
1588 5115 1781 5170 vehementis-

116 5193 229 5259 viderit‚
240 5190 374 5246 divinitus
389 5192 517 5248 oblatam
529 5196 627 5262 refert,
642 5196 670 5250 in
684 5200 815 5267 metrica,
833 5220 920 5275 quam
971 5205 1042 5259 sime
1058 5207 1194 5276 suspicer,
1212 5222 1247 5259 ne
1263 5206 1368 5272 dicam,
1385 5221 1437 5276 pro
1453 5205 1614 5259 indubitato
1641 5204 1779 5262 habeam.

119 5279 278 5346 adornavit,
298 5280 492 5337 Sanctincstri
504 5284 566 5338 Vita
577 5284 664 5338 tidem
677 5286 807 5343 adhibuit
818 5292 921 5347 Zacha-
973 5294 1077 5348 Verum
1092 5311 1157 5348 cum
1174 5311 1207 5348 ex
1219 5311 1305 5365 supra
1321 5294 1403 5348 dictis
1416 5292 1584 5358 Gaulredus,
1601 5292 1669 5346 dum
1692 5293 1778 5346 visio-

119 5371 175 5425 rias
187 5368 367 5434 benedictae,
384 5369 518 5443 hincque,
528 5373 666 5428 visionem
680 5376 920 5455 illamaDeo,qui
972 5399 1049 5451 neni,
1064 5400 1122 5454 qua
1136 5383 1231 5437 Victor
1244 5385 1279 5436 lll
1292 5399 1367 5455 papa
1375 5384 1478 5450 Deum,
1495 5382 1524 5436 in
1544 5381 1697 5436 solitudine
1711 5381 1779 5436 Car·

121 5456 192 5511 nihil
206 5457 275 5511 lacit
299 5457 414 5526 trustra,
439 5460 544 5518 Victori
573 5462 700 5534 indubie,
723 5462 782 5541 uon
803 5471 920 5543 quidem
971 5473 1071 5528 thasiae
1085 5473 1280 5529 habitaculum
1304 5473 1584 5529 sihicunstruentem
1599 5471 1713 5539 viderit,
1729 5471 1776 5526 lit-

125 5543 383 5618 adhucmonaeho,
406 5550 436 5606 ut
450 5549 617 5611 Gaulredus
638 5554 688 5626 ait,
705 5556 754 5614 sed
764 5557 827 5632 jam
839 5577 922 5637 papea
973 5563 1041 5622 teris
1055 5563 1214 5638 mandavit,
1225 5581 1244 5622 a
1255 5563 1375 5625 veritate
1384 5563 1535 5637 manant,
1546 5563 1642 5622 abhuc
1656 5561 1775 5638 pariter,
