3772 5970
181 291 250 361 stas
482 256 1528 350 ssamonismarnnssmonmmsmmomsonr.rauel
1777 272 1835 331 ιιιι

180 415 461 480 detractoriacorum
470 403 980 472 verbaadsimilitudinemtorrentis,
995 408 1023 468 A
1035 401 1092 458 dixi
1103 419 1112 455 :
1128 401 1258 474 Nisiqoia
1270 399 1402 457 Dominus
1414 408 1472 457 erat
1484 402 1514 458 in
1524 399 1613 468 nolis,
1626 396 1681 454 sed
1699 395 1790 454 eliam
1806 400 1835 452 sl·

180 509 363 580 cumimpetu
376 501 504 571 liuentia,
515 519 551 558 ne
565 518 618 557 nos
631 514 763 556 revocare
775 498 900 569 possent.
913 493 982 548 Dico
1032 491 1089 546 lius
1105 491 1231 558 ascendi,
1256 494 1288 546 nt
1304 491 1333 546 in
1351 493 1411 547 solo
1432 491 1556 547 Domino
1581 488 1749 556 considam,
1765 487 1836 541 omni

174 596 359 672 pertransivit,
375 592 467 648 ethos
478 592 595 663 forsitan
608 587 682 655 dico,
698 586 728 641 id
753 588 795 640 est
814 582 915 639 timide
928 597 981 654 pro
1032 578 1160 634 seculari
1174 578 1349 634 confidentia
1362 583 1467 650 spreta.
1478 580 1603 651 Ideoque
1613 593 1667 634 vos
1678 575 1837 648 quicunque

180 683 382 758 magnitudine
392 679 511 753 periculi
527 677 556 732 in
570 693 627 749 quo
640 674 691 740 lui,
708 677 737 729 et
752 672 886 728 dubitans
900 687 937 724 aa
953 669 982 722 in
1031 667 1116 721 lsrael
1128 667 1205 734 estis,
1218 667 1317 738 etjam
1329 667 1383 722 hos
1397 667 1525 739 quinque
1536 665 1647 739 gradus
1661 661 1836 727 ascendistis,

179 773 309 848 quolibet
319 768 502 827 offenderim.
514 760 983 821 Perhucinstruitauditoressem·
1032 756 1125 811 adhuc
1141 757 1224 811 altius
1239 756 1395 823 ascendite,
1413 759 1444 810 ut
1455 757 1483 811 in
1498 757 1559 812 solo
1573 753 1702 811 Domino
1716 751 1838 806 conlide-

178 879 232 937 per
242 859 358 917 timidos
368 873 428 913 esse
438 857 473 912 de
482 871 557 920 casm
569 856 599 907 ut
623 874 637 903 u
649 851 697 923 qui
710 851 766 904 stat
778 848 873 903 videat
886 863 923 900 ue
939 862 983 901 ea·
1032 844 1078 910 lis,
1098 847 1127 898 et
1142 845 1196 898 hoc
1216 845 1293 899 bono
1309 847 1402 898 vestro
1418 843 1538 899 facietis.
1555 843 1687 915 Populus
1703 840 1786 894 enim
1798 842 1838 911 qui

179 952 231 1006 dat
241 949 268 1022 (1
276 946 339 1004 Gor.
351 964 379 1014 x,
397 947 451 1016 la).
466 965 480 993 »
504 944 632 997 «Beatus
648 938 727 994 enim
741 938 829 992 homo
844 933 893 1007 qui
906 951 981 989 sem·
1032 931 1142 1004 confidit
1157 935 1184 986 in
1199 933 1325 999 Domino,
1341 915 1441 1002 520
1458 935 1487 987 et
1501 948 1559 987 non
1584 931 1613 986 in
1645 929 1836 991 saculan'bus,

178 1040 286 1114 peresi
300 1035 419 1108 pavidus
433 1033 528 1094 (Pron.
538 1045 633 1098 xxviii,
646 1029 699 1098 lt).
718 1048 732 1075 n
1033 1036 1086 1072 non
1097 1021 1337 1075 comrnoaeln'turin
1347 1029 1511 1088 alenium,a
1524 1019 1677 1093 proposito
1688 1035 1743 1072 suo
1754 1018 1837 1079 bono,

215 1124 405 1188 Pertransivit,
425 1121 557 1192 inquam,
575 1119 666 1171 nninva
682 1120 772 1170 nostra
786 1120 938 1178 torrentem,
953 1114 982 1164 et
1032 1124 1126 1178 nequc
1140 1107 1532 1180 perprosperitatem,ncque
1547 1124 1600 1179 per
1614 1106 1836 1161 tribulationum

179 1214 292 1271 utinam
313 1211 408 1267 assinta
422 1215 513 1263 nostra
527 1207 727 1278 pertransisset,
748 1202 788 1257 sic
812 1201 887 1257 utin
903 1200 981 1254 nullo
1033 1194 1246 1263 adversitatem,
1261 1199 1330 1252 sicut
1348 1213 1423 1250 mons
1435 1196 1514 1263 Sion,
1534 1196 1564 1250 id
1579 1199 1625 1250 est
1638 1195 1783 1259 Christus,
1797 1211 1838 1247 su·

179 1300 357 1367 attendisset,
370 1315 469 1370 aquam
478 1294 683 1359 intolerabilem,
696 1294 836 1364 quantum
851 1289 887 1344 ad
896 1289 983 1359 fragi-
1033 1299 1177 1354 perquem
1185 1289 1317 1339 montem
1326 1284 1673 1340 Sionomnesexistentes
1682 1281 1840 1336 tundantur

178 1390 291 1447 litatem
303 1390 514 1451 nostrumnon
528 1379 715 1455 quantumad
727 1376 865 1434 auxilium
881 1376 982 1448 gratiss
1033 1374 1062 1425 el
1074 1371 1099 1425 ei
1114 1371 1288 1439 innituntur,
1305 1389 1363 1428 non
1377 1372 1472 1444 potuit
1485 1371 1684 1445 aliquomodo
1700 1389 1720 1425 a
1734 1368 1838 1424 stabili-

179 1476 298 1535 divinael
309 1476 420 1546 Aquam
435 1476 464 1527 et
474 1478 613 1527 torrentem
624 1485 676 1542 pro
690 1468 794 1523 eodem
807 1466 905 1521 habet.
913 1464 981 1518 Per·
1032 1463 1092 1515 tate
1105 1478 1155 1516 sua
1165 1462 1353 1518 commoveri.
1363 1462 1445 1526 Quod
1454 1465 1496 1517 est
1506 1462 1617 1517 dicere:
1631 1461 1780 1515 Constans
1792 1459 1840 1512 erit

181 1567 314 1632 transivit,
337 1563 468 1634 inquam,
492 1562 593 1626 anima,
616 1557 693 1611 unde
719 1555 877 1621 benedicten,
895 1553 982 1608 idest
1034 1552 1062 1604 et
1077 1549 1244 1616 immobilis,
1256 1551 1328 1604 sicul
1341 1550 1469 1605 Christus
1483 1549 1645 1605 immobilis
1653 1548 1777 1616 exstitit,
1786 1563 1840 1601 nou

180 1653 382 1727 magnificatus
392 1656 421 1707 et
433 1649 567 1705 laudatus
581 1647 618 1701 sit
633 1647 776 1711 Dominus,
787 1646 835 1716 qni
845 1659 897 1696 non
911 1641 982 1696 dedit
1033 1639 1065 1690 ut
1075 1640 1184 1692 tantam
1193 1636 1842 1711 babeatconstantiamquantamChristusba·

179 1758 227 1798 nos
243 1740 364 1796 dentibus
373 1755 473 1805 eorum,
489 1736 518 1791 id
534 1739 578 1790 est
602 1733 814 1790 corrosionibus
829 1730 982 1785 detractio·
996 1712 1022 1772 Β
1034 1723 1106 1790 buit,
1122 1725 1183 1791 sed,
1206 1725 1379 1796 inquantum
1392 1726 1525 1797 possibile
1537 1726 1590 1792 est,
1612 1725 1671 1778 erit
1684 1725 1713 1778 ei
1730 1725 1762 1777 in
1778 1740 1843 1778 con·

180 1846 253 1886 num
268 1833 298 1884 et
312 1827 533 1883 maledictorum
545 1839 646 1879 eorum
656 1824 683 1876 in
694 1823 851 1893 captionem,
862 1818 891 1873 id
901 1821 944 1872 est
954 1817 983 1871 in
1035 1811 1606 1869 stantiaconiormis.Delerminatautem
1613 1813 1713 1885 quisit
1722 1813 1843 1884 populus

180 1912 636 1990 incorporationem‚scilioetnon
646 1908 816 1981 permisitut
828 1906 983 1961 nosincor-
1034 1899 1064 1954 in
1072 1900 1195 1955 Domino
1203 1902 1362 1970 conlidens,
1375 1902 1518 1974 nequisse
1528 1899 1844 1972 temereJudicethanc

181 2021 285 2082 parare
300 2003 354 2059 sibi
369 2004 486 2074 possent
500 2016 551 2073 per
577 1997 770 2054 detractiones
785 1998 814 2050 et
828 1995 984 2050 maledicta
1034 1989 1241 2044 confidentiam
1252 1990 1443 2059 babere,cum
1457 2007 1491 2045 ea
1510 1995 1620 2056 careat,
1630 1990 1669 2045 sic
1685 2005 1693 2043 :
1707 1989 1844 2059 Populus,

182 2084 412 2143 suaNonsolum
424 2079 634 2136 autemliberati
642 2094 732 2133 samus
742 2075 916 2144 edentibus:
934 2073 984 2128 sed
1034 2076 1166 2149 inquam,
1175 2078 1223 2148 qui
1232 2079 1351 2133 conlidit
1360 2096 1413 2133 non
1422 2080 1643 2145 commovebitur,
1653 2083 1685 2133 el
1696 2079 1776 2132 hanc
1787 2094 1845 2131 esse

182 2176 271 2233 etiam
284 2175 376 2228 anima
391 2177 480 2225 nostm
496 2167 618 2224 existens
632 2169 727 2231 cauta,
741 2166 809 2219 sicut
819 2180 921 2234 passer,
935 2162 984 2234 qui
1035 2166 1229 2221 cosilidentem
1245 2167 1359 2222 alllrmo
1370 2169 1482 2239 qnijam
1495 2184 1544 2239 spe
1558 2171 1587 2222 el
1597 2168 1686 2223 boum
1702 2167 1772 2221 vitae
1782 2183 1846 2221 eon·

183 2266 283 2321 cnutus
292 2263 336 2317 est
349 2259 385 2315 ad
399 2260 516 2331 laqueos
528 2253 688 2321 evitandos,
698 2258 785 2324 erepta
795 2259 832 2307 est
846 2251 878 2305 de
893 2252 985 2323 laqueo
1034 2255 1305 2310 versationeltabitat
1318 2259 1345 2309 in
1354 2256 1526 2312 Hierusalem
1536 2257 1656 2311 eoelesti.
1675 2256 1763 2311 Unde
1779 2255 1848 2310 dieit

182 2348 436 2417 venantium,idest
443 2347 479 2402 de
490 2342 661 2416 deceptoriis
669 2341 986 2398 blanditiismundano·
1034 2343 1206 2413 Apostolus:
1226 2366 1240 2394 n
1255 2344 1356 2399 Nostra
1371 2346 1548 2400 conversatio
1564 2345 1593 2400 in
1610 2344 1691 2400 coelis
1707 2343 1844 2416 esthlu'l.

183 2453 261 2504 ιιιιιι,
277 2451 409 2507 perquas
423 2433 639 2505 mesibicapere
651 2430 818 2485 nitebantur
828 2433 857 2484 et
869 2429 984 2484 cenior-
1037 2447 1079 2498 nv,
1089 2431 1145 2504 ιθ),
1160 2453 1174 2481 n
1193 2433 1226 2486 Et
1242 2432 1306 2487 ideo
1321 2435 1445 2505 populus
1459 2434 1610 2488 conlidens
1625 2451 1683 2488 non
1696 2449 1844 2488 commore-

183 2523 359 2592 mare,sicut
369 2519 780 2592 venantesdecepiuntlaqueo
793 2519 985 2573 larasautvo·
1038 2520 1118 2587 bitur,
1135 2520 1202 2591 quia
1216 2527 1316 2575 montes
1327 2524 1394 2575 sunt
1406 2523 1434 2576 irs
1448 2524 1561 2576 circuita
1579 2522 1651 2593 ejvss,
1669 2521 1703 2577 id
1719 2525 1763 2576 est
1778 2537 1844 2591 apo·

183 2613 286 2669 lucres.
303 2614 338 2668 Et
352 2627 411 2666 non
436 2609 475 2664 sic
489 2613 533 2664 est
554 2611 644 2664 anima
659 2612 746 2678 erepta
762 2608 839 2679 quod
856 2623 985 2678 unquam
1036 2608 1101 2663 stoli
1119 2612 1147 2662 et
1161 2609 1257 2663 caeteri
1271 2609 1429 2681 sancti,qui
1439 2611 1504 2680 jam
1519 2611 1554 2665 dc
1569 2611 1624 2665 hac
1637 2610 1842 2665 vitadiseesse-

182 2699 447 2774 illaqueateluerit,
461 2697 512 2752 sed
527 2697 567 2752 ita
580 2695 658 2768 quod
669 2695 836 2767 laqueusille
851 2694 985 2749 contritus
1035 2696 1670 2768 runt,dietimontesproptersanctitatissues
1685 2697 1844 2751 sublimita-

182 2799 229 2860 est,
244 2790 276 2846 id
290 2795 333 2846 est
346 2788 479 2845 inellicex
492 2787 529 2842 ad
544 2801 597 2841 nos
612 2785 769 2856 capiendos
783 2786 811 2838 et
825 2783 985 2855 illaqueass—
1036 2788 1107 2853 tem,
1116 2788 1182 2839 sunt
1193 2787 1221 2839 in
1233 2788 1348 2840 circuitu
1360 2785 1427 2855 ejus,
1438 2786 1468 2840 id
1481 2789 1524 2840 est
1539 2786 1567 2840 in
1587 2785 1760 2841 munitione
1775 2785 1842 2855 ejas,

183 2882 272 2949 dos,a
283 2877 471 2935 similitudine
480 2873 598 2929 contriti
610 2871 717 2946 laquei,
728 2873 776 2944 qui
789 2873 932 2943 impotens
943 2873 986 2926 cst
1036 2873 1216 2946 protegendo
1224 2891 1291 2929 eum
1303 2873 1413 2928 meritis
1423 2876 1452 2928 et
1463 2874 1716 2930 orationibussuis
1729 2891 1747 2929 a
1759 2875 1843 2928 laesio

183 2970 220 3026 ad
233 2965 463 3042 illaqueandum.
475 2963 512 3018 Et
523 2962 590 3035 quia
605 2964 734 3017 contritas
750 2967 797 3028 est,
814 2976 860 3013 nos
881 2959 1021 3050 liberatio
1036 2961 1120 3016 nibus
1134 2962 1260 3017 bostium
1275 2961 1428 3017 visibilium
1439 2965 1468 3017 et
1477 2962 1680 3032 invisibilium,
1691 2964 1844 3019 asimilitu·

181 3074 273 3114 samus
283 3055 513 3126 inde,neposset
527 3068 580 3106 nos
591 3050 733 3123 decipere.
745 3049 780 3103 Et
790 3048 846 3103 hoc
858 3063 918 3102 non
932 3047 986 3102 luit
1037 3049 1104 3104 dine
1124 3051 1371 3121 patrocinantium
1397 3051 1534 3119 militum,
1548 3053 1598 3123 qui
1613 3051 1644 3106 in
1663 3053 1789 3107 circuitu
1803 3070 1844 3106 cu-

182 3163 217 3202 ex
232 3143 389 3208 nabis,sed
415 3142 470 3197 hoe
495 3139 661 3211 adjutorium
675 3145 794 3192 nostrum
822 3135 986 3208 conligitin
1032 3137 1152 3208 juslibet
1171 3138 1324 3194 existentes
1350 3156 1418 3195 cum
1447 3141 1483 3194 al·
1510 3139 1641 3195 hostibus
1670 3139 1844 3196 instantibus

181 3236 288 3289 nomine
297 3232 417 3298 Domini,
430 3230 512 3285 idest
522 3243 574 3298 per
585 3228 728 3283 honorem
736 3225 859 3292 Domini,
868 3225 984 3291 seilicet,
1035 3229 1202 3297 protegunt.

183 3338 236 3394 per
251 3318 480 3377 misericordiam
489 3315 622 3382 Domini:
636 3314 764 3370 contuitu
780 3312 858 3368 enim
874 3312 985 3368 miseri·
1071 3313 1203 3370 Elatiam
1212 3314 1392 3372 Dominusest
1403 3317 1431 3370 in
1441 3319 1555 3374 circuita
1563 3317 1667 3388 populi
1681 3321 1738 3386 sai,
1755 3322 1847 3392 prote

183 3407 290 3464 cardin
302 3423 359 3462 sum
370 3405 430 3477 ipse
444 3402 604 3460 aildelibus
614 3403 789 3469 honoratur;
801 3401 925 3473 ideoque
937 3401 987 3456 bo·
1038 3402 1133 3475 gendo
1150 3419 1217 3457 eum
1234 3404 1337 3459 auxilio
1353 3405 1453 3475 gratim
1481 3422 1550 3470 suas,
1565 3423 1598 3459 esc
1612 3406 1665 3460 doe
1689 3424 1764 3461 nurse
1779 3407 1846 3462 inei·

184 3511 242 3552 nor
255 3494 317 3566 ejus
331 3492 443 3549 dicitur.
459 3491 571 3546 Nomen
588 3506 655 3546 vero
670 3506 723 3562 pro
738 3489 850 3545 honore
861 3489 987 3560 positum
1039 3490 1156 3562 piendo,
1173 3495 1202 3546 et
1225 3509 1306 3564 usque
1333 3494 1361 3546 in
1375 3494 1498 3550 secunlum
1519 3493 1724 3565 perdurando,
1741 3500 1847 3551 eivers

184 3583 288 3657 sapius
298 3581 453 3648 invenitur,
466 3579 544 3652 quod
560 3582 602 3635 est
613 3579 726 3635 dicere:
742 3577 814 3643 Ouia
824 3577 930 3633 liberati
943 3595 989 3631 su·
1038 3595 1093 3633 non
1107 3581 1323 3648 commonebitur,
1336 3583 1411 3653 qnia,
1425 3581 1478 3636 etsi
1502 3581 1540 3637 ed
1560 3582 1673 3638 horam
1700 3584 1848 3655 permittat

184 3690 256 3740 mus,
267 3669 495 3745 peradjutoriam
510 3666 716 3724 misericordia
725 3666 841 3722 Domini
854 3666 986 3737 contigit,
1038 3667 1348 3740 Dominuspeccatnres
1352 3669 1435 3741 justis
1442 3669 1847 3745 dominarieteosllagellare

185 3762 231 3818 val
245 3761 284 3816 sic
309 3775 316 3816 τ
343 3759 521 3832 Adjntorium
548 3764 669 3812 nostrum
692 3754 814 3826 contigit
839 3757 867 3809 in
884 3757 989 3809 nomine
1040 3759 1140 3811 lamen
1166 3774 1219 3811 non
1244 3759 1374 3830 relinquet
1388 3757 1438 3812 diu
1464 3757 1599 3814 Dominus
1613 3762 1741 3831 atroam,
1764 3762 1795 3817 id
1812 3765 1849 3815 est

185 3850 310 3919 Domini,
334 3849 365 3905 id
381 3853 423 3906 est
438 3847 467 3903 in
481 3846 634 3903 occasione
658 3843 776 3900 honoris
792 3843 921 3912 Domini:
935 3843 988 3898 sci-
1040 3845 1266 3915 flagellationem
1280 3848 1323 3901 vel
1341 3845 1573 3902 dominationem
1583 3857 1768 3919 peecatorum
1779 3865 1850 3921 super

186 3939 327 3996 licetideo
339 3936 430 4009 adjuti
443 3952 550 4002 sumus,
564 3934 631 4006 quia
643 3932 799 3988 Dominum
811 3932 890 3987 omni
902 3932 990 3987 modo
1040 3938 1147 4000 sortem,
1157 3931 1186 3987 id
1198 3936 1241 3988 est
1253 3950 1341 4005 super
1351 3933 1522 3989 electionem
1530 3936 1688 4006 justorum,
1705 3937 1736 3994 id
1751 3942 1796 3993 est
1809 3955 1849 3993 su·

186 4028 333 4083 bonorare
343 4023 509 4095 sategimus.
523 4024 635 4078 Domini
646 4020 709 4076 dico
725 4022 772 4093 qui
782 4021 847 4089 fecit
860 4020 951 4075 calum
965 4026 991 4075 et
1039 4035 1091 4092 per
1102 4019 1195 4091 justos
1210 4022 1315 4076 electos
1324 4022 1360 4076 ad
1372 4023 1573 4091 salvationem,
1583 4023 1654 4080 ideo
1669 4035 1702 4081 ut
1715 4027 1776 4099 ipsi
1788 4030 1849 4099 justi

187 4112 334 4180 terram,id
345 4109 901 4182 estpraelatosetsubditos.thuoniam
916 4110 988 4165 adeo
1039 4126 1093 4162 non
1107 4110 1249 4164 extendant
1267 4128 1363 4165 manus
1383 4128 1454 4179 suas,
1471 4111 1559 4167 idest
1576 4129 1638 4168 non
1655 4121 1851 4185 promoveant

187 4205 291 4277 potens
304 4199 433 4271 estquod
444 4197 539 4254 eclam
554 4204 579 4252 et
592 4205 690 4251 terram
709 4197 785 4268 feeit,
801 4197 837 4252 ad
851 4197 988 4268 adjuvan·
1040 4197 1205 4253 affectiones
1220 4215 1284 4254 suas
1293 4199 1329 4253 ad
1339 4202 1521 4272 iniquitatem:
1534 4217 1567 4257 ac
1577 4201 1599 4256 si
1609 4201 1716 4260 dicat:
1735 4205 1767 4261 Si
1784 4209 1852 4262 ultra

187 4291 258 4347 dum
273 4305 326 4346 110³
339 4290 442 4362 polens
456 4303 516 4342 08⁸0
531 4285 748 4358 comprobatur·
999 4262 1026 4321 Ῑ)
1038 4287 1158 4341 modum
1168 4287 1296 4359 patiendi
1312 4289 1494 4360 permitteret
1501 4289 1576 4345 Deus
1583 4298 1768 4362 peccatores
1772 4297 1853 4369 justis

417 4376 451 4431 ΙΝ
471 4373 634 4430 PSALMUM
649 4372 755 4427 CXXIV·
1037 4375 1194 4443 dominari,
1211 4380 1240 4430 et
1266 4393 1314 4432 eos
1333 4378 1566 4434 tribulationibus
1580 4380 1737 4453 ailligere,
1756 4387 1853 4458 utique

221 4467 327 4523 Psalmi
337 4464 487 4522 centesimi
496 4461 725 4535 vicesimiquarti
734 4460 988 4518 titulus.Canlieum
1038 4468 1301 4534 commoverentur,
1316 4469 1346 4520 et
1361 4468 1397 4522 ad
1424 4467 1608 4540 iniquitatem
1638 4488 1856 4542 promoverem

185 4556 329 4627 pradnum.
343 4555 438 4610 Gradu
462 4553 563 4626 quinto
592 4553 779 4626 pertractato,
795 4550 860 4614 hoc,
882 4551 988 4608 scilicet
1037 4555 1093 4608 tur.
1108 4555 1145 4609 Ut
1154 4570 1225 4625 ergo
1240 4570 1299 4609 ιιοιι
1311 4556 1494 4612 solummodo
1505 4573 1564 4612 non
1580 4560 1663 4615 male
1678 4571 1854 4636 operentur,

186 4649 219 4700 ui
231 4642 553 4700 ⁰mflem0011⁸lssssliam
566 4656 648 4694 suam
663 4655 722 4695 non
737 4638 789 4695 sibi
802 4638 852 4694 sed
863 4637 986 4695 Domino
1037 4642 1146 4698 sednec
1155 4642 1242 4698 etiam
1253 4660 1354 4700 corum
1365 4644 1531 4701 affectiones
1545 4646 1583 4701 ad
1595 4646 1796 4722 iniquitatem
1811 4674 1857 4711 ex·

186 4733 375 4799 ascriberent,
389 4729 425 4785 de
445 4731 524 4784 sexto
539 4727 645 4800 agitur,
660 4727 769 4783 scilicet
783 4729 937 4800 postquam
951 4727 988 4782 ad
1037 4729 1204 4800 tendantur,
1214 4735 1416 4804 contemperat
1426 4736 1499 4790 Deus
1509 4735 1722 4797 tribulationes
1739 4745 1782 4799 ad
1796 4762 1855 4801 me·

185 4824 242 4880 boc
253 4820 422 4878 constantiae
437 4817 598 4881 devenitur,
613 4815 778 4872 utrevocari
793 4820 938 4888 nequeant
950 4817 987 4872 ab
1038 4816 1856 4904 dumpatientiusipsorum,ulnonpermittatipsospem.

186 4912 362 4978 attentione;
376 4908 471 4964 elbon
483 4923 543 4962 non
559 4905 613 4961 sibi
629 4904 679 4959 sed
693 4905 816 4960 Domino
830 4905 986 4971 ascribunt,
1037 4906 1116 4959 tores
1128 4906 1168 4961 cis
1181 4907 1255 4962 ultra
1268 4910 1389 4965 modum
1401 4910 1555 4978 dominari,
1566 4915 1596 4966 et
1607 4914 1854 4977 tribulationibus

185 5000 294 5056 debent
307 4999 394 5055 etiam
409 4996 512 5052 adhoc
527 4994 682 5050 ascendere
698 4996 729 5048 ut
743 4993 772 5048 in
786 4994 847 5049 solo
863 4993 986 5048 Domino
1037 5008 1087 5047 eos
1102 4995 1242 5068 allligerc.
1260 4998 1341 5053 Unde
1356 5001 1528 5071 Apostolus:
1545 5022 1559 5050 a
1571 5001 1636 5056 Non
1653 5006 1797 5075 patiatur
1811 5027 1853 5065 vo,

183 5085 432 5154 confidant,omni
447 5081 761 5139 saeculariconlldentia
772 5080 986 5152 postpositadd
1037 5082 1237 5154 tentarisupra
1248 5085 1276 5139 id
1290 5087 1367 5157 quod
1383 5086 1654 5159 potestisllCor.1‚
1675 5097 1737 5166 13),
1756 5120 1773 5147 ,‚
1792 5099 1854 5154 omi

183 5170 612 5251 quamconlldentiamperlecti
623 5169 671 5241 qui
683 5169 729 5224 hic
742 5169 986 5240 aguntauditores
1037 5171 1135 5223 autem
1147 5171 1330 5245 debeoquod
1339 5175 1508 5243 enuntiavit,
1521 5175 1577 5232 sic:
1594 5177 1672 5246 Dixi,
1683 5199 1704 5237 ο
1717 5186 1852 5252 nomine,

74 5327 83 5340 ‚
182 5265 319 5331 invitant,
328 5260 509 5317 ostendendo
519 5257 768 5332 quidutilitatisex
779 5259 832 5313 hac
841 5258 986 5313 conlldcn-
1037 5257 1114 5326 quod
1128 5276 1186 5315 non
1197 5262 1343 5334 relinques
1357 5266 1853 5340 eiraampeccatorsnnsupereloewa

183 5352 225 5408 tia
239 5350 399 5421 confingat·
1031 5343 1136 5415 justos,
1144 5349 1218 5403 etita
1230 5351 1298 5420 sit,o
1308 5352 1432 5419 Domine,
1444 5352 1850 5431 benesocdonrsetreeliscerde,

221 5440 275 5508 Qui
288 5438 424 5508 confidant
438 5439 466 5492 in
486 5437 614 5506 Domino,
628 5438 696 5506 etc.;
715 5453 747 5492 ac
760 5436 781 5492 si
798 5436 875 5492 dicat
893 5452 899 5492 :
920 5438 982 5493 Non
1038 5434 1246 5494 auferendam
1261 5439 1302 5495 eis
1316 5440 1426 5513 virgam
1441 5445 1638 5513 peecatorum.
1651 5445 1760 5506 Bonos
1775 5454 1852 5508 vocat

168 5531 277 5601 ,solum
302 5527 390 5589 natos
404 5543 473 5587 meos
488 5527 525 5586 ad
539 5529 630 5586 Deum
658 5526 754 5601 levavi,
770 5530 800 5583 et
813 5543 872 5585 non
888 5529 983 5587 solum
1039 5524 1384 5605 beneoperaotes,roctos
1394 5528 1774 5611 cordeveru,ensquicum
1782 5541 1851 5606 bena
