3772 5970
112 307 167 374 tas
416 308 446 366 s.
460 304 633 366 brunonis
652 300 966 364 mnrnusmronun
987 294 1219 361 rnsrnmons
1239 300 1317 359 err.
1337 299 1438 359 raes.
1458 302 1469 357 ι
1727 297 1780 358 ιιι

116 435 187 491 sieut
204 432 339 488 unctione
351 430 421 503 ungri
440 428 534 484 meari
547 430 650 483 solent.
665 426 714 481 llic
729 428 825 481 autem
844 423 917 497 psal·
929 426 959 485 A
969 422 1291 494 cognistnssnmUCor.
1309 441 1367 492 xm,
1388 425 1441 492 li).
1452 421 1646 477 obtridendo
1658 422 1778 476 notente-

117 541 181 578 mns
189 522 228 577 sic
239 521 328 575 babet
342 518 514 592 principium
531 534 537 571 :
969 518 1018 565 teor
1030 513 1173 582 rtrsitemid
1181 517 1224 568 est
1232 513 1344 568 videam
1355 512 1482 582 temptam
1489 511 1672 582 quercinum
1680 511 1776 567 bomi-

152 612 282 666 Deminus
304 607 464 661 illuminatio
483 623 551 671 meru,
568 604 729 675 emphatice
748 603 914 657 dictumest.
968 601 1022 655 uici
1038 619 1141 674 corpus
1154 602 1291 669 bominis,
1309 602 1387 674 quod
1403 601 1458 655 luit
1469 602 1613 672 templum
1640 600 1776 655 divinita-

117 690 918 766 Qundestdicere:Dominusilluminnritmelldeinbap·
969 689 1012 743 tis.
1034 691 1115 745 Unde
1135 690 1215 746 idem
1234 691 1263 745 in
1280 690 1434 761 Evangelio
1452 707 1458 743 ι
1474 712 1488 738 «
1506 689 1614 744 Selrite
1634 691 1776 761 templum

117 789 213 853 tismo,
226 793 250 840 ct
265 785 336 838 setus
350 801 419 846 ineu,
433 785 461 837 et
471 783 525 837 boe
535 797 649 852 queque
658 778 866 850 emphaticam
876 780 919 832 est
968 779 1032 844 hec,
1045 782 1074 832 ct
1089 783 1153 850 pest
1167 782 1224 834 tres
1239 779 1300 834 dies
1310 779 1440 833 excitabo
1456 778 1526 833 illud
1540 778 1674 848 (denen,
1694 779 1736 848 to)
1750 801 1773 831 n.

115 870 624 949 ipsesalrevitmeepeceatisditcnm
634 866 918 938 hoeejamimpende·
968 866 1035 921 llice
1051 868 1129 939 qnod
1142 868 1203 921 trae
1218 869 1362 939 requiram.
1374 867 1477 921 Ethne
1492 870 1536 920 est
1552 866 1661 921 fiducia
1673 867 1788 922 tatium

115 964 163 1031 rit,
178 959 434 1035 queminrisibilem
454 957 670 1012 bostemtimeto
681 953 917 1026 utmesuperet‘l
967 953 1186 1023 beneficiorum,
1203 972 1268 1026 ques
1279 955 1349 1010 milri
1360 955 1425 1026 jam
1439 953 1584 1026 impendit
1599 972 1606 1008 ε

115 1053 229 1108 Νιιιιιιιιι
245 1049 392 1113 scilicet,et
402 1046 531 1102 Dominus
541 1050 674 1115 protector
687 1046 749 1098 uita
762 1041 916 1113 weremund
1003 1041 1368 1108 Quoniemetsroeditmeio
1382 1043 1616 1110 tabernarutesuo,
1631 1044 1662 1098 id
1672 1049 1772 1116 estpo-

116 1143 158 1195 est
170 1139 264 1194 dicere
282 1153 288 1190 :
304 1135 369 1191 ldibi
381 1134 429 1205 qui
445 1137 576 1187 mortuus
590 1149 671 1187 eram
693 1132 721 1186 in
750 1132 842 1185 Adam
859 1129 915 1184 eri-
966 1131 1022 1186 suit
1034 1114 1099 1202 78
1108 1133 1220 1202 mejam
1231 1134 1259 1184 in
1268 1132 1591 1187 etseortditntedernaruti
1601 1135 1656 1199 sui,
1668 1134 1773 1189 seilicet

115 1225 292 1300 ginaliterin
307 1221 660 1290 anlmn,restitnitritam,
674 1220 768 1290 etipse
782 1223 915 1289 estprote-
966 1219 996 1275 in
1012 1220 1068 1275 llde
1084 1224 1113 1274 et
1131 1235 1181 1290 spe
1210 1219 1404 1285 beatitudinis,
1429 1236 1518 1292 quem
1544 1236 1598 1294 per
1626 1221 1771 1278 Christum

113 1324 169 1371 uter
184 1314 259 1368 itlius
269 1314 340 1378 vita,
362 1328 399 1365 ne
414 1310 561 1380 menende
574 1308 765 1364 criminaliter
779 1323 843 1362 eam
854 1323 916 1377 per·
966 1308 1204 1373 habiturussurn,
1221 1308 1270 1379 qui
1287 1308 1342 1362 fuit
1358 1309 1577 1364 tabernaculum
1610 1310 1672 1366 bet.
1703 1311 1771 1376 ese

115 1404 194 1460 dam.
211 1402 285 1472 Ergo
302 1418 317 1454 α
337 1415 388 1471 quo
401 1397 502 1452 visibili
515 1398 596 1452 hoste
612 1395 914 1467 expugnatustrentte·
966 1395 1114 1452 beatitudo
1130 1413 1147 1450 a
1164 1396 1246 1451 nobis
1261 1399 1304 1450 est
1315 1397 1485 1452 abscondita
1509 1414 1586 1452 nune
1608 1417 1616 1453 ε
1637 1401 1771 1472 qnam·

117 1493 158 1559 bo,
170 1488 469 1559 dumilliquineoenter
484 1485 554 1539 mihi
564 1485 709 1539 voluntate
719 1483 781 1556 (etsi
793 1488 915 1537 actnne-
966 1501 1022 1555 que
1035 1484 1153 1556 quidem
1163 1483 1339 1555 apparitura.
1356 1484 1437 1538 Unde
1446 1486 1598 1557 Apostolus
1613 1505 1621 1542 ε
1639 1487 1773 1546 Fidesest

116 1577 234 1652 queant)
248 1593 326 1646 super
348 1592 391 1629 nte
414 1574 576 1639 existentes,
591 1571 620 1626 id
642 1575 684 1626 est
703 1570 864 1643 superiores
887 1575 917 1625 et
966 1573 1175 1643 sperandarum
1187 1572 1346 1626 substantia
1355 1589 1464 1639 rernm,
1480 1579 1689 1644 argumentum
1714 1586 1769 1634 non

115 1667 260 1741 digniores
275 1680 323 1717 me
337 1665 478 1734 quantum
501 1661 537 1715 ad
552 1676 665 1732 eorpus,
695 1661 862 1730 appropient,
887 1659 915 1714 id
966 1661 1167 1733 apparentium
1185 1660 1383 1732 (Hederaltn
1403 1662 1436 1714 Et
1446 1661 1513 1716 alibi
1528 1662 1563 1716 de
1589 1664 1769 1722 beatitudine

114 1760 156 1812 est
173 1772 205 1809 se
218 1754 393 1824 praeparant,
417 1756 446 1802 et
466 1749 554 1815 alent,
570 1747 600 1803 id
616 1752 659 1802 est
684 1747 916 1801 tribulationibus
928 1738 953 1797 B
965 1750 1004 1803 sie
1015 1750 1121 1804 dieite<
1132 1748 1472 1804 Vitenestreahseondita
1486 1754 1601 1805 estenm
1619 1752 1768 1809 Cirristnin

113 1843 286 1900 consumant
295 1856 386 1894 cernes
398 1839 523 1892 meaulA
538 1838 616 1892 nullo
633 1836 793 1906 trepidabo,
810 1836 913 1890 subeu-
966 1839 1024 1892 Dee
1038 1836 1107 1902 (Cet.
1116 1855 1156 1903 ιιι,
1168 1842 1223 1909 3).»
1234 1839 1266 1891 Et
1278 1854 1337 1892 non
1346 1838 1439 1892 solum
1448 1838 1769 1907 abscondit3sedetinm

114 1933 153 1989 di.
179 1932 228 1985 Vel
243 1929 321 1984 edent
336 1944 428 1982 cernes
440 1943 523 1989 meus,
553 1925 593 1979 sie
615 1922 769 1996 exponitur
784 1941 791 1978 :
806 1924 913 1994 Appre·
966 1942 1013 1979 mc
1029 1925 1153 1996 positum
1168 1928 1196 1979 in
1208 1925 1358 1980 obscomtite
1371 1926 1538 1980 tubernaculi
1548 1930 1600 1994 sui,
1613 1932 1768 1999 protentio

109 2024 198 2092 pient,
219 2018 349 2089 inquam,
366 2014 491 2071 adhunc
506 2013 650 2075 ellectum,
666 2013 732 2067 licet
742 2028 801 2066 non
818 2013 913 2065 inten-
965 2013 1163 2081 alternaturam,
1179 2013 1264 2068 idest
1279 2013 1309 2067 in
1325 2014 1380 2068 boc
1397 2016 1531 2085 tempere
1545 2015 1575 2068 in
1598 2020 1769 2087 quaomnia

114 2110 220 2176 derint,
237 2105 387 2161 deventuri
410 2107 451 2170 ut,
468 2102 700 2158 tribulationibus
726 2101 796 2155 mihi
816 2100 912 2166 illatis,
965 2103 1040 2155 meta
1058 2102 1217 2167 abundant,
1233 2101 1416 2156 delenditsui
1443 2104 1536 2173 gretia
1560 2120 1598 2158 ne
1623 2105 1767 2162 cederem.

113 2197 191 2253 ederit
206 2210 297 2249 carries
311 2209 393 2257 ones,
409 2191 489 2245 idest
503 2192 676 2245 consumant
695 2193 724 2244 et
738 2189 774 2244 ad
790 2188 911 2243 nibilum
965 2189 1047 2243 Unde
1062 2190 1214 2259 Apostolus
1230 2209 1236 2244 :
1253 2213 1267 2238 «ι
1282 2189 1467 2244 Redimentes
1489 2194 1615 2262 tempus,
1630 2194 1767 2265 qtreniatn

113 2285 247 2355 redigant
262 2282 392 2336 carnales
407 2280 568 2334 voluntates
579 2295 669 2344 meas,
682 2295 728 2345 ne,
742 2279 812 2332 dnm
825 2277 915 2333 tribu·
965 2277 1026 2332 dics
1047 2277 1115 2330 muli
1143 2280 1209 2330 suxit
1244 2276 1351 2349 (Epiros.
1373 2294 1399 2340 v,
1417 2280 1459 2349 litt
1499 2302 1513 2327 o
1533 2281 1567 2334 Et
1592 2298 1652 2336 non
1677 2283 1767 2337 mlum

116 2374 190 2428 lutus
205 2372 298 2435 luero,
316 2369 399 2423 licent
414 2367 455 2421 eis
465 2367 495 2420 in
510 2383 557 2420 me
572 2365 844 2437 quidlibctellicere.
854 2367 913 2421 Un-
962 2374 1052 2435 petru,
1067 2365 1095 2422 id
1112 2366 1197 2420 estin
1214 2366 1325 2421 Christo
1335 2367 1382 2437 qui
1397 2367 1499 2421 firmus
1513 2373 1556 2423 est
1571 2373 1602 2423 ut
1614 2373 1697 2440 petra
1710 2389 1717 2438 ;
1728 2372 1767 2426 rel

114 2462 149 2516 de
160 2463 189 2516 et
200 2460 229 2513 in
245 2455 386 2530 superiori
404 2456 515 2527 psalmo
546 2455 585 2508 sic
603 2454 711 2508 orarit:
733 2477 747 2503 ιι
762 2456 816 2509 Ure
831 2471 915 2509 renes
965 2453 1101 2507 ‹abscondit
1125 2460 1150 2508 et
1172 2457 1301 2523 proterit,
1325 2455 1483 2510 sedetiam
1513 2472 1561 2510 me
1596 2458 1723 2529 pesitum·
1742 2462 1767 2513 io

114 2565 194 2603 meos
205 2544 293 2613 (Prot.
311 2560 392 2610 xxxv,
404 2548 441 2607 ⁶2).
456 2562 470 2591 e
484 2542 518 2596 Et
530 2541 597 2612 jure
612 2557 670 2596 non
684 2542 846 2612 trepidabo,
861 2542 916 2596 bec
947 2549 1050 2622 ⁸petre,
1066 2542 1095 2596 id
1121 2545 1163 2596 est
1191 2542 1219 2595 in
1246 2543 1767 2612 constantiaetfertitudine,exaltu·

112 2635 308 2701 considerans,
319 2633 354 2687 de
362 2630 485 2686 inimicis
501 2629 608 2684 seilicet
636 2632 684 2701 qui
707 2630 837 2683 tribrtent
862 2647 912 2683 ine.
965 2631 1026 2683 tum
1039 2629 1067 2683 in
1080 2628 1238 2685 virtutibus.
1260 2631 1295 2684 Et
1308 2631 1445 2702 exprimit
1459 2632 1576 2703 quando
1597 2635 1765 2692 exaltatam.

112 2725 167 2797 tpsi
200 2722 248 2796 qui
276 2737 330 2793 per
361 2721 416 2775 bec
439 2718 572 2773 ridentur
600 2717 850 2788 aliispotenteset
866 2735 913 2772 ex·
964 2717 1033 2772 Uien
1055 2717 1192 2774 exultavit.
1217 2719 1249 2773 Et
1272 2719 1465 2793 (proscilicet)
1481 2735 1558 2775 nunc
1584 2722 1766 2796 intempore

112 2811 275 2880 celsi,etin
290 2808 421 2864 dominio
437 2806 524 2873 llrmi,
541 2806 699 2878 potiuspor
714 2807 769 2862 boc
784 2807 915 2875 inpinneti
963 2807 1180 2875 persecutionis,
1215 2824 1281 2861 cum
1308 2806 1428 2863 omnino
1467 2809 1618 2881 depressus
1651 2812 1765 2881 videor}

110 2909 182 2970 sant,
195 2901 279 2956 idest
291 2897 340 2952 risi
355 2895 499 2951 suntmibi
511 2894 689 2965 jeminllrmi
702 2897 731 2949 et
743 2894 849 2950 miseri.
864 2895 912 2958 Et,
964 2894 1088 2948 exultauit
1113 2903 1192 2965 ceput
1207 2912 1305 2963 marni,
1327 2896 1355 2951 id
1382 2901 1424 2951 est
1439 2902 1569 2953 mentem
1591 2916 1702 2968 maru,
1717 2903 1766 2958 etti

111 2991 218 3062 utplus
233 2987 339 3052 dicam,
350 2985 414 3056 jam
426 2983 577 3039 ceciderunt
586 2982 668 3049 mihi,
684 2982 714 3037 id
729 2986 771 3037 ost
783 2983 843 3053 jam
868 3001 913 3039 ca·
927 3018 951 3078 c
964 2999 1066 3055 corpus
1081 2983 1205 3055 deprimi
1225 2984 1365 3056 permisit,
1377 3003 1455 3055 super
1464 2988 1582 3040 immicos
1596 3004 1677 3046 meos.
1687 2986 1766 3055 ouer

110 3094 174 3134 sum
185 3091 288 3132 eorum
303 3074 431 3129 futurum
448 3071 565 3144 previdi
595 3070 718 3140 Exponit
734 3076 831 3126 autem
843 3088 913 3143 quo·
963 3074 1007 3126 est
1021 3071 1116 3126 dicere
1129 3089 1135 3126 :
1150 3072 1237 3143 Magis
1247 3073 1387 3127 exaltatus
1400 3090 1463 3128 sum
1485 3074 1514 3128 in
1531 3075 1686 3131 virtutibus
1699 3084 1764 3134 eom

109 3166 200 3222 modo
213 3161 396 3236 appropient.
409 3159 478 3215 Dice
488 3174 540 3213 noa
561 3157 707 3229 trepidate,
729 3158 793 3212 dure
820 3176 913 3230 eppre
963 3162 1008 3213 tra
1023 3176 1082 3226 ens,
1098 3176 1186 3231 quarn
1202 3161 1255 3230 ipsi
1269 3160 1703 3220 intribulationibussdrersutn
1710 3183 1764 3222 me.

104 3255 194 3325 preat.
207 3252 241 3305 Et
255 3265 356 3305 verum
371 3249 425 3302 ast.
437 3247 510 3301 Nam
520 3247 545 3298 si
555 3247 697 3299 nominent
710 3246 848 3301 aduersum
872 3264 913 3302 me
964 3247 1089 3302 Ostensis
1103 3248 1249 3303 benetleiis
1273 3249 1366 3320 gratia
1385 3249 1435 3305 liei
1452 3251 1598 3306 concessis
1623 3252 1689 3322 sihi,
1717 3272 1767 3328 per

109 3347 208 3400 castre,
221 3338 306 3393 idest
321 3336 344 3391 si
359 3336 502 3406 apparent
512 3332 710 3389 multitudines
727 3334 865 3397 hostium,
882 3339 913 3390 ut
963 3351 1026 3407 quea
1039 3335 1175 3390 lldneiam
1188 3337 1275 3390 habet
1290 3337 1500 3392 beatitudinem
1515 3338 1706 3413 adipiscendi,
1723 3359 1765 3398 os·

108 3427 249 3486 doersum
263 3441 304 3478 me
315 3421 550 3479 tribulationibus
570 3425 710 3493 pugnent,
730 3439 783 3478 aen
810 3424 912 3478 timebit
961 3423 1054 3478 tendit
1071 3440 1186 3496 quoque
1201 3424 1395 3479 meritaliberi
1406 3425 1518 3481 arbitrii
1529 3427 1584 3482 sic:
1599 3429 1765 3487 Nonsoluttr

110 3534 158 3573 cor
170 3531 269 3576 sorum,
280 3512 318 3566 sic
331 3514 361 3565 nt
377 3510 481 3565 timore
495 3509 608 3564 cedam.
624 3510 845 3566 Asimilitudine
857 3512 909 3568 ho·
960 3511 1014 3566 hac
1025 3511 1129 3567 fidncia
1143 3529 1226 3584 spero
1255 3530 1302 3567 rne
1315 3514 1422 3568 babere
1442 3514 1653 3572 beatitudinem
1679 3528 1765 3591 quant

109 3605 197 3661 stium
208 3600 315 3657 dictum
331 3601 383 3665 est,
397 3598 456 3670 qni,
472 3614 539 3652 eum
560 3596 656 3669 alique
678 3597 810 3668 praelium
837 3598 910 3656 inire
961 3600 1118 3670 requiram,
1132 3601 1196 3656 ideo
1212 3600 1279 3672 quia
1292 3618 1334 3654 mc
1345 3601 1490 3671 abscondit,
1501 3607 1620 3673 preterit
1645 3611 1671 3660 et
1698 3607 1767 3662 eunt

108 3693 208 3758 velint,
230 3687 307 3761 prius
334 3686 362 3741 in
394 3690 503 3739 terram
530 3684 591 3755 ejus
605 3684 756 3753 intrantes,
766 3684 805 3739 ibi
818 3690 912 3740 castra
962 3691 1039 3750 terit,
1056 3689 1105 3743 sed
1121 3689 1186 3744 ideo
1200 3690 1267 3761 quia
1294 3693 1417 3757 circuiri,
1434 3691 1463 3745 id
1484 3696 1577 3747 estne
1592 3697 1765 3753 temerarius

109 3781 266 3837 nretantur.
284 3774 352 3831 llice
366 3791 426 3830 non
442 3773 552 3829 timebo
569 3777 661 3828 castra
676 3774 869 3829 consistentia.
878 3776 912 3828 Et
961 3780 1010 3831 unt
1033 3778 1168 3831 remissus
1185 3793 1276 3831 essem
1296 3778 1451 3849 diligenter
1479 3780 1656 3852 investigavi,
1672 3786 1764 3856 queti-

110 3871 208 3936 etiem,
235 3871 266 3923 nt
290 3867 353 3937 plus
378 3863 473 3918 dinam
491 3879 497 3917 :
513 3861 684 3932 Siereurqet
712 3862 851 3917 erteerneo
870 3881 911 3918 nte
961 3868 1005 3919 ter
1019 3864 1072 3936 ipsi
1084 3865 1243 3920 sueritleare
1256 3866 1403 3921 deberem.
1423 3868 1455 3921 Et
1469 3869 1577 3939 positus
1600 3873 1628 3923 in
1644 3872 1765 3929 tatem

104 3953 470 4031 pretinmtribulatiunum,
486 3968 545 4005 non
561 3950 731 4005 solnmdiee
748 3968 805 4006 non
826 3951 909 4006 time·
961 3953 1101 4024 crteejrr,
1124 3953 1211 4007 idest
1228 3953 1328 4007 infide
1348 3955 1451 4009 Christi
1484 3958 1663 4014 tabernaculi
1693 3963 1764 4034 ejus,

109 4048 157 4114 bo,
172 4045 223 4100 sed
238 4042 326 4097 etiam
342 4043 369 4095 in
388 4040 436 4093 boc
451 4056 511 4109 epo,
526 4038 574 4110 qui
600 4039 721 4093 forsitan
736 4039 864 4094 hostibus
875 4041 910 4093 ti·
962 4041 1100 4097 inunoleei
1120 4041 1173 4113 ipsi
1198 4043 1312 4097 bostium
1336 4044 1544 4112 roctseretionis,
1571 4047 1682 4103 scilicet
1711 4051 1764 4105 vir-

109 4149 193 4189 mens
207 4130 337 4196 videbor,
353 4127 473 4199 sperate,
492 4126 520 4180 id
535 4128 577 4181 est
590 4144 641 4199 per
654 4126 709 4181 hoc
725 4127 855 4198 preelium
881 4128 910 4183 in
961 4133 1036 4184 tutes
1060 4132 1089 4184 et
1110 4129 1310 4200 operationem
1332 4130 1452 4199 bonam,
1476 4148 1540 4203 quin
1571 4138 1639 4189 sunt
1664 4138 1764 4195 bestiae

109 4239 166 4294 quo
177 4219 296 4274 viriliter
311 4232 407 4288 egam,
423 4215 533 4286 sperate
549 4232 595 4269 me
625 4215 797 4285 adepturum
819 4234 909 4272 unum
962 4219 1085 4272 multum
1101 4218 1259 4272 clamantes
1278 4219 1314 4272 ad
1329 4220 1497 4289 Dominum,
1511 4223 1592 4292 juxta
1613 4224 1684 4280 illud
1701 4227 1765 4282 Pro·

109 4308 188 4381 quid,
205 4304 283 4379 quod
297 4321 314 4358 a
329 4303 452 4359 ltonrino
463 4305 605 4372 exspecto.
617 4303 651 4356 Et
662 4319 727 4357 vere
744 4321 832 4359 unum
842 4306 910 4377 quid
921 4301 947 4360 D
959 4306 1035 4378 speri
1049 4327 1055 4362 :

109 4398 252 4467 exspecto,
264 4392 399 4465 quoniam
408 4408 490 4445 unum
500 4392 633 4461 rempetii
646 4408 662 4444 e
675 4390 790 4446 Doen'no
801 4396 830 4447 et
843 4410 909 4465 epe-
994 4394 1053 4450 Nec
1068 4394 1170 4449 Christi
1180 4395 1296 4466 excerpto
1309 4399 1416 4450 sucteier
1430 4401 1483 4452 erit
1497 4400 1562 4456 eder

107 4500 138 4539 re
153 4485 262 4558 etvece
285 4484 313 4535 et
337 4477 499 4546 allectione,
514 4478 621 4533 scilicet
636 4481 775 4535 [eternam
789 4481 909 4537 bentitu·
959 4482 1046 4549 Onam
1058 4501 1119 4538 cem
1130 4485 1208 4538 terno
1230 4491 1360 4538 cestorum
1371 4487 1478 4556 profert
1497 4488 1626 4543 libamina
1647 4505 1762 4557 ιιιιινιιιιι,

109 4571 219 4639 dinem,
236 4572 264 4623 et
280 4569 349 4621 irene
364 4567 468 4622 merito
485 4566 548 4621 vitae
565 4583 636 4621 meoe
652 4570 795 4639 requiram.
816 4570 849 4623 Et
863 4587 909 4625 ex·
993 4569 1032 4625 Et
1044 4571 1215 4628 deuirtutum
1225 4589 1334 4627 eernere
1346 4591 1423 4628 socru
1447 4575 1516 4630 litet.

107 4659 207 4733 primit
222 4658 313 4729 ipsam
330 4655 538 4710 beatitudinem
555 4656 909 4726 perpartes,srilicethnc
995 4660 1066 4714 Cum
1088 4659 1156 4715 dicit
1170 4661 1283 4714 testium
1305 4662 1512 4731 vociferationis,
1542 4665 1621 4719 idem
1637 4666 1762 4722 estetsi

107 4765 241 4820 nequirem
256 4752 286 4799 at
300 4748 327 4799 in
342 4743 458 4797 trobitem
475 4745 502 4796 in
514 4742 591 4798 domo
609 4742 728 4810 Domini,
758 4744 787 4798 id
815 4746 908 4800 estin
959 4748 1082 4805 diceret:
1101 4749 1228 4803 Hostiam
1242 4751 1366 4804 multum
1383 4750 1500 4821 dignam
1515 4752 1763 4824 impetrationes

105 4835 283 4892 Hierusalem
297 4831 412 4893 celesti,
426 4835 455 4886 et
466 4831 521 4886 boc
545 4848 603 4886 non
622 4831 748 4898 horarie,
762 4833 811 4888 sed
826 4837 909 4889 enrrri-
958 4836 1148 4892 similitudine
1163 4836 1279 4892 illorum
1294 4838 1354 4908 qui,
1371 4855 1436 4892 rum
1454 4841 1578 4895 multum
1592 4842 1761 4910 voeilcrent,

107 4925 153 4979 tes
167 4923 257 4977 dietus
272 4922 333 4975 vita
348 4936 422 4986 roca,
440 4918 467 4973 id
483 4923 525 4973 est
536 4918 564 4972 iu
580 4919 743 4974 {eternitate
755 4922 908 4992 quantitnr
959 4924 1042 4979 eitius
1056 4925 1212 4997 impetrare
1225 4926 1319 4980 solent
1342 4943 1429 4997 quam
1455 4927 1503 4998 qui
1525 4928 1644 4984 remisse
1660 4933 1761 5001 agunt.

106 5013 161 5069 vita
177 5027 253 5073 mea,
270 5009 399 5064 Christus
413 5007 529 5061 seilicet.
540 5006 620 5061 Unde
634 5008 786 5079 Apostolus
799 5026 805 5062 :
819 5009 906 5064 “Cum
959 5009 1081 5066 Circrioi
1097 5012 1175 5079 dicit,
1191 5029 1207 5066 a
1227 5013 1413 5068 similitudine
1430 5014 1544 5070 illerum
1564 5016 1624 5088 qui,
1645 5017 1762 5089 quando

106 5098 273 5172 apparuerit
285 5097 413 5152 Christus
426 5096 482 5149 rita
493 5097 596 5157 vestra,
609 5099 676 5150 tunc
686 5099 715 5149 et
726 5111 774 5150 ros
789 5112 908 5169 apparo-
959 5100 1067 5171 aliquid
1081 5099 1235 5171 diligenter
1246 5101 1431 5172 investigant,
1445 5104 1567 5158 multum
1581 5104 1702 5161 cireuire
1715 5122 1761 5161 so·

104 5189 171 5244 bitis
181 5204 247 5242 cum
261 5186 322 5258 ipso
336 5185 366 5239 in
375 5183 467 5255 glorie
481 5181 550 5254 (θοι.
560 5200 599 5251 ιιι,
608 5186 645 5252 l).
654 5203 669 5235 s>
678 5184 712 5237 Et
723 5183 777 5238 bec
792 5201 907 5257 quoque
958 5187 1029 5244 lent.
1041 5188 1104 5243 Non
1116 5191 1208 5243 solum
1218 5190 1328 5243 cir-rotor
1339 5197 1365 5243 et
1379 5191 1524 5254 irerrroteui,
1533 5191 1685 5249 sedadhuc
1696 5210 1761 5250 cun·

103 5279 249 5349 ,requiram
262 5276 288 5327 ιἰι
313 5273 391 5328 domo
404 5271 516 5327 Deoriei
529 5272 710 5335 constitutus,
725 5272 827 5327 videam
841 5291 905 5346 pcr-
958 5276 1018 5331 tubo
1033 5277 1159 5339 Durriae,
1168 5277 1197 5331 id
1212 5282 1254 5330 est
1266 5278 1340 5332 bene
1356 5278 1390 5332 dc
1406 5295 1440 5334 eo
1457 5279 1590 5351 cogitabo
1605 5298 1612 5349 ;
1628 5282 1706 5353 quod
1721 5280 1761 5337 illi

104 5364 352 5420 leotevetuntetem
377 5360 508 5416 Domini:
525 5376 612 5432 quam
642 5360 687 5414 bic
712 5361 837 5432 perlecta
865 5362 905 5417 ri·
956 5364 1038 5419 dulce
1049 5365 1104 5420 erit
1117 5368 1148 5418 ut
1163 5364 1317 5420 canticum.
1334 5366 1367 5420 Et
1383 5383 1441 5421 non
1455 5369 1547 5423 selum
1563 5369 1699 5436 ειιιιιιιιιο,
1710 5369 1762 5427 sed

82 5453 176 5526 ¹dere
213 5465 335 5522 nequeo.
362 5448 443 5503 Unde
467 5449 646 5520 Apostolus:
670 5448 904 5521 «Nunceugno
956 5459 980 5504 et
989 5453 1051 5523 Jam
1060 5453 1194 5522 prelorum
1211 5453 1309 5519 ilicem,
1326 5453 1353 5507 id
1370 5458 1412 5508 est
1427 5456 1536 5510 bonurn
1566 5473 1638 5527 epus
1659 5474 1761 5514 meum

104 5556 151 5598 sco
177 5555 209 5594 ex
239 5539 331 5610 purte,
357 5539 424 5590 tuuc
448 5538 544 5590 auteur
568 5553 742 5610 cognoscam
776 5537 846 5594 sicut
875 5542 903 5594 et
956 5541 985 5596 in
1005 5540 1129 5595 evidenti
1157 5557 1275 5612 porram,
1305 5546 1334 5596 nt
1355 5543 1424 5598 alies
1450 5545 1594 5600 attraham
1623 5548 1758 5622 exerrrplo
