3772 5970
104 280 157 336 735

410 276 440 335 S.
455 278 500 335 BR
508 275 635 335 UNONlS
651 270 966 345 canrtttJStan'onttn
988 267 1220 326 vnsrtruvonts
1241 266 1318 324 Ol‘l‘.
1339 264 1468 324 PARS!

1722 268 1774 326 736

112 403 161 460 site
171 422 293 480 sponsa:
303 405 704 473 «Unicameacolumbamea
713 399 808 472 (Cant.
821 399 917 470 vr,8).»
931 406 959 466 A
971 397 1104 453 fidelium
1115 394 1776 470 collectionisusquequaqueperlectorumcon-

103 493 138 549 lit
155 496 273 568 exponit
285 512 337 570 per
351 499 447 569 partes
463 497 662 568 paupertatem
672 509 764 547 suam.

139 585 316 656 Exponendo
332 602 447 657 quoque
458 600 510 656 per
521 586 616 656 partes
630 583 657 637 in
675 580 777 652 quibus
788 579 813 633 ei
823 578 906 633 mise·

108 678 218 730 rentur:
231 674 302 730 Vere
316 692 373 728 snm
385 691 498 746 pauper,
515 674 544 728 in
562 674 615 727 hoe
625 671 740 733 scilicet,
754 670 904 724 tribulatio·

108 780 151 818 nes
163 763 248 818 cordis
260 765 313 818 mei
326 762 590 834 nrnltiplicataesnnt,
603 760 631 815 id
647 763 689 813 est
705 760 809 813 multas
821 759 914 813 habeo

107 851 317 908 tribulationes
336 856 365 907 ct
387 852 501 911 dolores
521 851 549 907 in
578 850 664 905 corde
680 849 715 903 de
731 848 864 918 peccatis.
882 848 916 900 Et

108 941 174 996 ideo
187 958 248 994 erne
260 959 301 995 me
311 941 343 994 de
359 939 554 994 necessitutibus
574 940 646 1005 mers,
658 937 688 991 id
704 939 746 990 cst
761 936 796 989 de
810 933 906 989 vcnia·

110 1028 192 1095 libus,
211 1045 274 1100 quae
296 1046 329 1082 ex
350 1027 445 1083 carnis
463 1026 618 1098 fragilitate
630 1023 789 1080 necessario
804 1022 915 1078 contin·

109 1121 184 1190 gunt
195 1133 219 1171 :a
238 1115 504 1171 Sacrillciumenim
513 1112 914 1188 Deo,spirituscontribulatus

109 1205 198 1274 (Psoi.
215 1222 240 1272 a,
254 1205 306 1277 ld),
319 1226 333 1253 n
351 1206 383 1258 Et
394 1221 453 1259 non
465 1202 648 1259 solummodo
655 1203 690 1256 dc
700 1200 914 1257 necessitatibus

110 1293 182 1348 meis
198 1310 281 1348 eruas
295 1309 353 1359 me,
378 1294 429 1348 sed
452 1292 540 1347 etiam
557 1292 624 1358 vide,
646 1291 675 1345 id
691 1293 733 1344 cst
747 1289 910 1345 misericor-

105 1380 180 1436 diter
198 1381 303 1454 aspice,
328 1382 504 1436 humilitatem
521 1396 616 1445 mmm,
635 1379 664 1434 id
685 1382 728 1433 cst
740 1379 912 1450 inquantum

968 485 1134 541 cedentium
1143 503 1176 541 ex
1192 485 1344 541 securitate
1354 486 1527 542 innocentiae
1535 489 1563 542 et
1572 486 1693 558 justitia
1703 504 1773 555 sun,

967 578 998 628 ul
1007 575 1253 645 [leusjudiceteos
1262 574 1289 630 in
1302 575 1572 643 luturo,secundum
1583 576 1661 648 quod
1670 591 1772 631 eorum

965 663 1173 718 innocentiaet
1176 664 1287 734 justitia
1303 668 1496 734 promeretur.
1510 664 1669 719 Ostendent
1684 663 1773 720 etiam

966 753 1775 825 perpartesinnocentiametjustitiamsuam,etpromit·

964 840 1775 914 tunlscmagisinbisesseintendendos,utminusperlec-

966 929 1051 983 losad
1062 929 1123 984 trac
1131 929 1262 1002 exemplo
1274 946 1324 983 suo
1337 930 1524 984 vcbcmcnler
1534 930 1719 984 invitent.Vel
1726 946 1774 1001 po·

965 1019 1020 1071 lcsl
1033 1016 1079 1070 hic
1096 1018 1189 1072 oratio
1206 1034 1276 1083 esse,
1294 1021 1326 1072 ut
1337 1019 1412 1073 licus
1426 1018 1533 1072 scilicet
1543 1035 1593 1072 cos
1604 1017 1727 1089 judicet,
1744 1017 1773 1072 id

964 1105 1158 1161 estdisccruat
1170 1106 1199 1160 in
1211 1107 1332 1161 luturoa
1346 1122 1440 1161 massa
1453 1106 1644 1178 perditorum,
1658 1122 1694 1160 ne
1707 1123 1771 1161 cum

964 1193 1031 1264 ipsis
1047 1193 1123 1249 misti
1150 1193 1216 1261 sint,
1232 1194 1304 1248 sicul
1320 1193 1350 1248 in
1367 1195 1421 1249 hoc
1438 1194 1547 1249 mundo
1565 1198 1643 1250 sunt.
1659 1194 1769 1249 Cretera

964 1282 999 1337 de
1016 1283 1178 1338 intentione
1190 1299 1248 1338 non
1265 1286 1394 1338 mutatur
1406 1302 1412 1337 :
1425 1282 1573 1338 istudvero
1588 1282 1627 1337 sic
1645 1282 1770 1353 incipit:

1003 1354 1068 1443 75
1078 1371 1180 1426 Jnrlico
1191 1371 1371 1439 memmiae,
1382 1371 1410 1425 in
1424 1371 1519 1425 tuturo
1528 1371 1772 1442 secundumquod

108 1487 155 1524 me
168 1469 319 1524 humiliem
337 1486 408 1540 erga
419 1473 462 1537 te3
477 1476 501 1524 ct
518 1469 633 1522 lotorem
657 1485 744 1522 inerim
759 1483 846 1539 quem
860 1466 911 1519 ha·
960 1460 1071 1531 justum
1086 1462 1138 1514 est.
1151 1459 1285 1526 eroniom
1302 1460 1416 1532 epo,qui
1431 1461 1485 1514 hoc
1501 1460 1680 1518 concedmin
1693 1463 1769 1514 rano·

108 1559 163 1614 beo
189 1557 362 1628 jejunando,
381 1556 460 1611 omui
478 1557 565 1612 modo
582 1574 628 1610 me
645 1574 696 1628 pro
712 1554 822 1610 delictis
837 1553 910 1609 meis
963 1550 1050 1603 centia
1083 1546 1139 1602 rnen
1169 1549 1276 1620 positus
1304 1552 1433 1618 inpressas
1452 1567 1522 1614 sitin,
1549 1548 1579 1604 id
1605 1552 1649 1603 est
1670 1548 1771 1603 incessi

108 1646 279 1718 ailligeudo.
300 1647 333 1700 Et
347 1648 466 1717 propter
481 1645 532 1699 bas
547 1661 656 1710 causas,
672 1645 777 1698 dimitte
791 1645 913 1696 rinicersc
963 1638 1039 1693 viam
1058 1637 1263 1692 mandatorum
1278 1638 1493 1700 tuorumtluod
1510 1641 1553 1692 est
1567 1636 1674 1692 dicere:
1693 1637 1768 1702 Quo·

109 1735 203 1790 delicta
217 1751 285 1800 irreo,
301 1750 359 1789 non
374 1735 466 1788 solum
481 1732 613 1801 venialia,
629 1733 679 1788 sed
692 1736 721 1787 ct
741 1730 912 1786 criminalia.
927 1732 952 1791 Β
965 1727 1043 1780 niam
1058 1727 1086 1780 in
1103 1727 1268 1781 innocentia
1283 1744 1349 1781 mea
1371 1727 1558 1798 perseveravi.
1576 1727 1625 1780 Vel
1639 1727 1677 1780 sic
1692 1730 1725 1780 ut
1738 1724 1772 1780 sit

110 1823 268 1895 Postquam
284 1838 351 1876 vero
365 1820 507 1876 dimiseris
521 1825 646 1893 peccata,
663 1838 699 1874 ne
722 1819 858 1883 recidam,
874 1836 914 1872 re·
964 1815 1059 1871 oratio
1078 1816 1198 1871 :dnclica
1212 1833 1263 1881 irre,
1276 1815 1354 1885 justo
1364 1815 1464 1885 judico
1485 1819 1534 1871 tuo
1564 1816 1697 1870 discerne
1712 1831 1768 1883 me,

106 1913 176 1982 spice
190 1910 311 1964 inimicos
321 1926 389 1964 oreos
402 1910 450 1981 qui
465 1912 563 1965 volunt
575 1910 781 1974 medevocarc,
798 1912 829 1962 ut
845 1907 915 1962 incl·
964 1905 1098 1969 Domine,
1111 1904 1140 1958 in
1152 1905 1259 1970 laturo,
1275 1922 1292 1959 a
1306 1903 1428 1974 perditis
1443 1921 1507 1958 cum
1523 1904 1626 1976 quibus
1639 1904 1686 1960 hic
1702 1920 1768 1958 con·

110 1998 212 2054 llcaccs
235 1998 331 2053 iacias.
365 1998 399 2051 Et
420 2016 534 2053 neccse
560 1998 630 2053 milti
648 2002 690 2051 cst
712 2001 743 2051 ut
768 1996 912 2068 respicias,

110 2089 236 2159 qnoniam
249 2086 421 2157 multiplicati
427 2094 501 2152 scint,
512 2086 540 2141 id
554 2090 595 2140 cst
611 2086 693 2140 multi
709 2085 911 2155 sunt,ideoque

111 2174 287 2229 insufficiens
301 2190 365 2228 sum
382 2174 513 2229 resistcre
535 2174 596 2229 sine
621 2178 667 2228 te:
685 2177 714 2228 et
730 2191 788 2228 non
804 2176 846 2226 est
859 2171 913 2225 illis

109 2261 182 2315 ratio
198 2278 255 2333 qua
269 2261 338 2315 mibi
355 2260 551 2327 inimicentur,
575 2263 624 2316 sed
639 2261 750 2316 oderrml
765 2277 805 2315 mc
824 2262 915 2331 t'm'qno

111 2349 358 2414 odio,nonbono,
383 2349 412 2403 id
428 2351 589 2404 estodiant
617 2349 644 2402 iu
668 2365 714 2403 me
743 2349 913 2414 bonitatem,

110 2437 186 2507 quod
204 2437 302 2491 odium
317 2437 448 2509 iniquum
469 2441 521 2492 est.
535 2439 595 2492 Non
616 2437 768 2504 malitiam,
783 2437 860 2508 quod
874 2453 917 2490 re·

110 2528 188 2578 ctum
209 2524 308 2579 odiuvn
325 2529 408 2581 esset.
437 2526 520 2581 Unde
539 2525 735 2597 Augustinus:
756 2548 769 2574 u
787 2525 871 2579 Recte
887 2525 915 2579 in

109 2611 193 2666 malis
203 2612 318 2666 odimus
333 2613 505 2668 malitiaene
519 2614 694 2684 Dicorcspicc
707 2614 913 2684 inimicosque

111 2701 188 2755 niam
204 2701 381 2772 rnerltiplicnti
395 2706 503 2767 suntet
518 2702 625 2755 sicnon
639 2701 916 2772 crubescamb'eque

105 2789 216 2860 justum
239 2792 291 2857 est,
315 2792 442 2862 quostiam
460 2791 593 2861 sperarim
621 2797 654 2856 la,
682 2806 741 2843 non
768 2789 797 2843 in
814 2806 872 2853 me,
886 2788 916 2842 id

110 2880 153 2931 cst
167 2877 288 2949 speravi,
306 2882 335 2932 et
347 2879 439 2932 adbuc
452 2895 534 2950 spero
546 2895 599 2950 per
609 2881 636 2932 le
650 2878 710 2931 erui
725 2879 755 2932 ct
767 2875 913 2932 custodiri.

111 2965 316 3021 Erubescarem
331 2966 423 3028 enim,
440 2967 464 3021 si
488 2983 545 3021 non
561 2983 677 3021 erueres
690 2968 718 3020 et
742 2964 909 3020 custodires.

964 2010 1070 2049 versor.
1087 1994 1145 2049 lloc
1162 1997 1259 2047 antem
1289 1994 1368 2064 quod
1383 1992 1511 2065 sequitur
1540 1996 1583 2060 (ul
1594 1992 1768 2065 Augustinus

965 2081 1044 2154 dicit)
1059 2099 1117 2136 non
1133 2084 1176 2136 cst
1190 2082 1328 2152 superbia
1339 2081 1416 2148 elati,
1431 2082 1481 2137 scd
1494 2082 1636 2136 consessio
1653 2098 1713 2137 non
1724 2081 1765 2136 in·

965 2169 1050 2240 grati.
1067 2170 1134 2226 Dico
1153 2170 1248 2239 jrnlico
1276 2189 1326 2224 rue.
1345 2170 1378 2223 Et
1393 2169 1508 2237 merito,
1525 2172 1653 2241 qnoniam
1667 2186 1715 2239 eqo
1731 2169 1766 2224 sic

965 2275 1052 2312 orans
1067 2258 1258 2312 inirinoeenlin
1274 2275 1330 2311 rnen
1344 2260 1474 2328 inpressas
1488 2276 1556 2312 srvrn.
1574 2258 1602 2312 id
1619 2261 1663 2312 est
1675 2274 1769 2331 perse·

966 2347 1070 2410 veravi,
1080 2351 1109 2401 et
1121 2346 1213 2401 adhuc
1233 2346 1349 2412 faciam,
1367 2347 1472 2401 scilicet
1487 2366 1540 2401 ntra
1567 2348 1729 2415 infirmabor
1741 2347 1766 2401 in

969 2434 1193 2507 perseverantia,
1207 2437 1235 2488 in
1248 2434 1364 2488 Domino
1371 2453 1478 2506 qrerons
1492 2453 1550 2490 non
1560 2453 1665 2507 pcrme
1676 2434 1767 2491 solu'm

966 2524 1170 2595 perseverandi
1181 2541 1261 2596 spem
1277 2523 1396 2578 habens.
1423 2524 1490 2591 Oro,
1501 2524 1607 2593 judicu,
1625 2527 1655 2578 et
1670 2527 1703 2579 ut
1717 2524 1767 2579 hoc

963 2610 1105 2680 judicium
1122 2611 1200 2665 bona
1213 2628 1262 2683 spe
1278 2614 1439 2682 expectem,
1456 2613 1501 2666 liic
1515 2612 1592 2685 prius
1604 2613 1699 2684 proba
1713 2629 1767 2667 me.

966 2699 1198 2770 Prnposleratio.
1216 2698 1309 2765 Tanta,
1326 2699 1411 2754 idest
1427 2703 1570 2755 tentatum
1586 2716 1639 2771 per
1652 2701 1768 2756 tribula·

966 2786 1058 2841 lioucs
1074 2791 1103 2841 el
1116 2787 1277 2842 iuelllcaccs
1290 2789 1496 2859 suggestiones,
1516 2806 1568 2852 ine,
1583 2789 1654 2843 mibi
1670 2793 1700 2844 et
1711 2788 1769 2845 eliis

966 2876 1122 2931 adhaesuris
1150 2877 1279 2930 ostonde.
1307 2877 1341 2929 El
1367 2881 1428 2948 post
1448 2878 1534 2948 proto
1555 2877 1640 2932 meld
1660 2881 1705 2933 est
1727 2877 1765 2934 nil

965 2967 1068 3034 agente
1083 2963 1111 3017 in
1127 2980 1173 3018 me
1190 2963 1374 3019 tribulatione
1387 2966 1429 3019 vel
1444 2965 1630 3036 suggestione
1641 2967 1767 3038 qualibet

109 3054 142 3107 Et
155 3054 286 3126 quamvis
311 3054 387 3109 istud
412 3055 488 3109 idem
506 3055 637 3127 superius
665 3053 777 3120 dixerit,
807 3052 915 3107 scilicet
964 3051 1766 3123 criminaliprobatumostende.llicotento.Siescilicet:

106 3143 328 3210 nrrnernbcscom,
354 3160 413 3198 non
434 3147 535 3197 tamen
551 3143 730 3213 supcrlluum
755 3141 913 3211 judicatur,

107 3230 174 3302 quia
196 3247 256 3285 non
277 3232 382 3286 suflicit
404 3231 429 3286 ei
452 3231 530 3302 quod
551 3230 637 3285 nimis
662 3230 806 3285 desiderat
823 3229 911 3284 semel

104 3333 197 3384 orare,
214 3320 257 3372 vel
273 3318 353 3390 quod
368 3318 436 3373 dicit
449 3320 558 3390 respice,
574 3321 668 3390 potest
682 3335 744 3372 esso
755 3317 846 3372 oratio
858 3334 911 3388 pro

107 3404 241 3459 inimicis.
256 3407 396 3460 iubemur
412 3406 492 3460 enim
510 3421 564 3478 pro
581 3405 705 3460 inimicis
719 3405 913 3460 aliominosic

106 3494 370 3567 orarezctlrarepro
378 3495 656 3567 persequentibuset
669 3492 913 3549 calumniantibus

106 3597 156 3635 vos
169 3582 246 3654 (Luc.
259 3583 372 3652 vatilla>
391 3584 424 3636 Et
438 3584 493 3637 hoc
504 3583 543 3638 sic
554 3581 722 3637 continuat:
742 3581 835 3648 Oravi,
851 3581 913 3635 erne

106 3687 158 3736 me,
171 3671 294 3726 dimitte.
313 3673 345 3726 Et
359 3688 418 3726 non
444 3673 537 3727 solum
551 3689 603 3744 pro
617 3688 664 3726 me
680 3688 742 3739 oro,
754 3671 803 3725 sed
820 3675 848 3725 et
859 3687 911 3743 pro

107 3758 232 3814 inimicis
248 3777 254 3814 z
272 3762 370 3831 respice
399 3760 625 3816 misericorditer
646 3762 768 3815 ininncos
784 3778 863 3827 irruas,
881 3762 912 3813 ut

106 3852 255 3903 conventas
271 3866 328 3904 eos.
342 3851 374 3904 til
397 3850 517 3921 dignum
533 3855 575 3905 est
591 3854 622 3903 nt
651 3850 705 3904 boc
729 3866 820 3904 orem
839 3847 910 3914 Ono-

105 3938 179 3992 ninm
192 3938 362 4008 multiplicati
388 3956 461 4005 srcnr,
487 3946 512 3992 cl
529 3940 589 3992 odio
616 3941 707 4009 iniquo
730 3937 843 3990 orlcrrmt
859 3955 910 4003 inc,

107 4023 137 4078 id
153 4027 196 4078 est
210 4026 369 4096 quiamulti
385 4030 461 4091 sunt,
475 4031 503 4081 et
520 4044 662 4096 magnum
673 4026 813 4080 damnum
826 4030 911 4092 esset,

108 4111 130 4164 si
145 4115 224 4166 tanta
240 4129 334 4167 nrassa
359 4113 476 4185 periret.
503 4115 535 4168 Et
551 4117 674 4169 mullum
692 4113 844 4186 perniciosi
859 4113 910 4168 sibi

108 4203 175 4254 sunt
189 4216 254 4253 cum
267 4200 360 4272 iniqno
373 4201 433 4254 odio
445 4202 557 4255 oderunt
570 4218 621 4254 tric.
630 4202 705 4272 Ergo
720 4218 772 4274 pro
789 4201 912 4257 inimicis

967 3140 1029 3206 Ure,
1047 3142 1075 3195 id
1087 3145 1130 3195 est
1143 3140 1210 3212 igne
1217 3141 1357 3211 spirituali
1371 3142 1541 3198 omnimodo
1548 3160 1689 3198 consume
1697 3160 1767 3198 renes

963 3246 1041 3283 ineos.
1060 3230 1094 3283 Et
1103 3229 1221 3300 exponit
1240 3229 1268 3284 in
1293 3246 1350 3301 qua
1374 3230 1584 3302 significatione
1608 3236 1701 3305 ponat
1724 3232 1767 3286 bic

963 3334 1045 3380 rencs,
1061 3321 1089 3372 et
1113 3322 1173 3388 (pro
1202 3317 1320 3389 scilicet)
1350 3336 1396 3372 cor
1413 3336 1511 3387 menni,
1538 3319 1627 3374 idest
1654 3320 1768 3375 illicitos

963 3409 1059 3461 motus
1070 3406 1163 3460 cordis
1179 3406 1248 3473 moi,
1265 3407 1313 3479 qni
1330 3423 1413 3462 renes
1435 3407 1579 3472 dicuntur,
1593 3424 1628 3463 eo
1645 3409 1724 3480 quod
1740 3409 1766 3464 in

963 3494 1017 3548 illis
1033 3494 1212 3549 delectamur
1228 3494 1301 3549 sicut
1321 3495 1349 3548 in
1366 3493 1464 3550 illicito
1490 3512 1594 3551 renum
1620 3497 1764 3553 exercitio.

963 3581 1035 3646 Quia
1049 3597 1116 3636 vcro
1130 3598 1182 3652 pro
1195 3583 1256 3636 sola
1265 3581 1431 3637 innocentia
1442 3599 1529 3637 nemo
1541 3583 1708 3652 salvabitur,
1724 3585 1767 3640 «in

962 3674 1115 3742 conspectu
1130 3688 1255 3743 iramque
1271 3671 1320 3726 llei
1338 3670 1610 3742 nonjustitrcabitur
1624 3673 1722 3729 omnis
1729 3674 1766 3729 vl·

962 3775 1030 3812 vens
1042 3758 1127 3829 (Psoi,
1142 3776 1222 3825 curn,
1236 3758 1264 3829 ⁶2)
1275 3781 1288 3807 »
1304 3777 1310 3812 :
1326 3764 1390 3814 orat
1406 3759 1530 3814 ctiamse
1542 3777 1594 3831 per
1607 3761 1768 3818 misericor·

963 3846 1039 3900 diam
1068 3847 1179 3902 salvari.
1197 3847 1257 3903 lliri
1278 3849 1369 3916 jrnlirn
1384 3866 1433 3914 mc,
1448 3851 1574 3919 qnoniam
1588 3867 1635 3919 epo
1648 3853 1678 3903 in
1693 3852 1768 3904 inno·

961 3938 1046 3989 centia
1059 3954 1116 3988 mm
1132 3939 1338 4006 inqrcssnssmn.
1358 3937 1391 3989 Et
1400 3954 1457 3990 tion
1467 3954 1519 4008 pro
1530 3940 1590 3992 sola
1599 3938 1768 3995 innocentia

962 4023 1063 4078 salvari
1075 4041 1137 4091 oro,
1154 4024 1203 4079 sed
1231 4029 1260 4079 ct
1280 4024 1346 4079 idco
1370 4028 1497 4096 qnom'mo
1515 4028 1695 4081 nriserr'cordio
1721 4035 1767 4081 tna

961 4120 1023 4165 unte
1035 4112 1123 4166 ocrtlos
1137 4131 1206 4168 tricos
1220 4120 1268 4179 est,
1285 4113 1392 4169 scilicet
1405 4118 1471 4167 aitte
1493 4114 1585 4169 cordis
1601 4116 1766 4171 considera·

962 4199 1065 4254 tiones.
1079 4201 1164 4264 Quasi
1182 4201 1272 4255 dicat:
1290 4199 1362 4264 Quia
1377 4201 1407 4254 in
1423 4201 1620 4256 misericordia
1634 4205 1686 4257 tua
1698 4220 1766 4258 con-

107 4286 147 4340 sic
162 4288 239 4343 oravi
254 4305 261 4353 ;
276 4291 305 4341 ct
320 4287 460 4361 quidquid
476 4290 512 4343 de
544 4289 600 4344 illis
611 4289 656 4354 sit,
684 4291 785 4344 sallem
811 4287 1150 4357 cn.sto‹lr'1)lldo,elide0
1172 4290 1275 4356 adhuc,
1296 4290 1364 4363 quia
1387 4291 1534 4361 complacui
1556 4292 1721 4356 inveritate,
1739 4292 1767 4346 id

107 4377 227 4430 animam
240 4395 335 4444 ineam,
359 4381 414 4431 etc.
446 4379 511 4433 llaec
526 4395 584 4432 non
610 4379 843 4433 mutantur.lli1i
860 4397 912 4433 non

108 4464 269 4534 errtbcsccm,
285 4465 350 4520 ideo
378 4466 445 4537 quia
458 4469 564 4537 speravi
578 4469 605 4520 in
622 4475 645 4520 tc
661 4485 669 4520 :
696 4472 725 4521 ct
740 4467 804 4522 idco
821 4468 913 4522 adhuc

108 4552 176 4623 quia
192 4555 339 4608 innocentes
354 4560 379 4608 el
394 4557 467 4623 recti,
490 4555 519 4609 id
536 4559 578 4609 cst
588 4555 657 4626 justi
676 4555 705 4610 in
719 4555 853 4628 operibus
863 4573 915 4627 per

110 4657 157 4696 mc
167 4641 234 4696 sncli
248 4642 330 4697 multi
340 4643 590 4700 ndbaesernntmilri.
601 4644 666 4698 idco
681 4645 748 4716 quia
758 4646 913 4711 cristianitas,

110 4729 916 4804 idestspcraviintc,utclexemplorneosperarerrt.0uod

111 4819 154 4872 est
168 4817 277 4874 dicere:
289 4818 361 4883 Quia
372 4820 476 4874 multos
487 4821 523 4874 ad
533 4824 561 4875 te
569 4820 770 4875 sustinendum
783 4822 915 4891 exemplo

110 4923 176 4961 meo
185 4907 916 4979 provocari,nondeficiendo,noncrubescamNeel

110 4994 914 5067 ipsilorteexemplomeomalodeficienteserubcscant.

112 5083 182 5138 Orat
194 5100 308 5156 quoque
327 5101 379 5156 pro
406 5084 474 5156 ipsis
497 5085 700 5141 innocentibus
714 5089 743 5139 ct
758 5085 842 5140 rectis
856 5085 914 5139 sic:

113 5170 181 5225 Ilico
194 5172 272 5242 quod
284 5174 432 5226 irmoccnles
446 5180 472 5226 ct
485 5176 550 5227 recti
561 5173 727 5226 ocllraescrnnt
742 5174 817 5240 milri,
831 5173 860 5227 id
875 5177 918 5227 est

112 5260 243 5330 exemplo
259 5276 336 5314 meo.
352 5261 428 5332 Ergo
444 5261 515 5315 Dran
541 5262 628 5315 libero
653 5260 730 5332 ipsos
747 5261 809 5331 jam
827 5260 917 5315 iactos

114 5343 199 5399 Israel
209 5364 241 5400 er
255 5349 376 5402 crinitus
392 5350 679 5411 trr'bnlationilnnsrrr's,
695 5365 732 5402 nc
748 5349 861 5402 cedant.

364 5436 397 5489 {N
413 5437 578 5493 Psatrttllt
593 5437 666 5492 XXV.

150 5519 401 5591 Titulusvigesimi
436 5525 677 5597 quintil’solmrn
704 5527 800 5588 Ilnrr'rl,
830 5528 916 5582 idest

963 4381 1005 4431 est
1020 4377 1049 4431 in
1070 4379 1276 4433 covrlormitatc
1290 4378 1418 4432 veritalis
1431 4382 1500 4445 tuac,
1510 4378 1571 4432 Filii
1588 4379 1629 4433 tui
1644 4379 1765 4445 scilicet,

963 4469 1050 4537 prout
1064 4469 1144 4521 valeo
1160 4467 1268 4539 positus
1287 4470 1316 4521 et
1331 4467 1460 4539 inopere
1489 4469 1518 4521 et
1545 4467 1574 4522 in
1602 4468 1766 4523 virtutibus.

965 4554 1086 4625 Exponit
1101 4559 1198 4610 autern
1215 4555 1413 4609 innocentiam
1428 4572 1511 4610 suam
1525 4571 1576 4627 per
1588 4558 1685 4627 partes
1699 4557 1739 4611 sic
1760 4574 1768 4611 :

965 4642 1036 4696 Vcrc
1056 4645 1185 4712 inpressas
1200 4662 1257 4698 stira
1274 4645 1301 4696 in
1316 4646 1475 4709 innocentio,
1492 4643 1622 4716 quianon
1635 4638 1695 4699 sedi
1707 4663 1770 4700 crim

965 4731 1072 4785 cornilio
1088 4733 1222 4799 virilitatis,
1237 4732 1265 4786 id
1288 4735 1332 4786 est
1346 4732 1476 4803 quamvis
1488 4748 1553 4786 cum
1569 4733 1609 4785 cis
1623 4733 1768 4803 corporali

966 4819 1120 4890 praesentia
1132 4836 1294 4888 converser,
1315 4819 1456 4874 tamenin
1473 4819 1570 4874 anima
1593 4837 1645 4873 rron
1657 4820 1723 4887 sedi,
1740 4821 1771 4879 id

966 4908 1008 4961 cst
1020 4908 1227 4962 consenticndo
1245 4908 1484 4964 nonimmoratus
1496 4924 1634 4963 sumcum
1648 4908 1704 4963 illis
1719 4909 1770 4981 qui

966 4999 1032 5050 sunt
1046 4997 1195 5053 consilium
1204 4997 1345 5066 vanitatis,
1362 4997 1445 5052 idest
1459 4995 1669 5051 concordantes
1684 4997 1771 5052 simul

966 5084 1133 5156 inappclitu
1149 5089 1344 5154 terrenorum,
1364 5102 1428 5158 quae
1444 5102 1517 5139 vana
1529 5087 1606 5138 sunt.
1624 5084 1693 5139 llico
1717 5102 1771 5140 non

965 5173 1032 5240 secli,
1048 5177 1078 5228 et
1092 5175 1184 5228 adbuc
1195 5173 1344 5246 promitto,
1361 5173 1428 5246 quia
1443 5192 1496 5228 non
1512 5173 1624 5227 introibo
1638 5188 1693 5243 per
1704 5188 1774 5228 con-

967 5278 1081 5315 sensum
1098 5280 1158 5315 rnm
1174 5265 1264 5333 iniquo
1283 5263 1443 5330 perentibus,
1461 5261 1537 5317 lalsis
1565 5260 1674 5316 scilicet
1690 5260 1773 5316 Chri·

967 5349 1075 5404 stianis.
1095 5350 1127 5402 El
1142 5350 1215 5403 benc
1240 5349 1321 5420 pouit
1344 5350 1468 5416 introibo,
1495 5344 1616 5404 introire
1640 5366 1772 5423 namque

968 5438 1090 5492 dicimus
1102 5438 1130 5491 in
1143 5436 1260 5507 aliquod
1274 5437 1544 5492 occultumintrare.
1559 5437 1661 5492 Omnis
1673 5443 1773 5494 autem

967 5526 1065 5597 iniqua
1080 5542 1183 5591 gerens
1197 5525 1306 5590 introit,
1321 5525 1352 5579 id
1367 5528 1410 5579 est
1435 5526 1464 5580 in
1481 5542 1543 5580 rcm
1569 5526 1775 5581 occultandam
