3772 5970
63 300 132 369 taor
507 295 1093 366 arrosmomrsatuaa-rssu
1113 296 1255 358 camna
1645 275 1716 351 iat

66 430 101 487 Et
116 431 178 489 haee
191 428 330 488 corsiessio
346 429 495 504 continget
515 431 551 488 de
572 428 751 488 misericordia
774 435 820 484 tao
841 421 1179 494 abbacomitem
1194 421 1281 480 etiarn
1295 427 1321 478 ct
1328 427 1436 480 scateat
1449 439 1483 479 eo
1498 417 1715 497 cantuumque

65 522 177 576 veritate
191 526 247 586 tao,
261 519 369 576 scilicet
383 519 544 575 confitebor
556 519 608 575 tibi
623 521 742 592 propter
757 516 868 574 miseri·
915 515 989 568 amm
1003 514 1135 569 Dominus
1149 521 1185 568 est
1198 513 1320 581 cacabus,
1332 511 1362 569 id
1376 516 1419 568 est
1429 512 1625 586 omnipotens,
1635 511 1716 569 ideo·

66 609 197 665 cordiam
213 612 292 664 tuam
307 611 336 662 et
350 608 501 663 veritatem
513 606 711 680 promissionis
724 610 779 661 tua
790 623 867 662 eom-
917 620 973 676 que
985 603 1038 674 ipsi
1050 602 1249 659 eontltendum
1274 606 1327 658 εει.
1341 602 1383 659 Et
1406 601 1473 673 qnia
1485 602 1600 658 humilia
1614 603 1718 674 respicit

65 700 186 769 pletam,
200 697 229 751 id
244 699 287 751 est
299 713 333 751 ea
346 696 494 750 occasione
510 695 560 750 tibi
577 695 804 767 concretaeque
815 710 866 748 nos
917 696 1049 765 respectu
1067 692 1272 748 misericordias
1296 708 1365 759 sura,
1388 690 1418 747 id
1437 694 1480 746 εει
1505 691 1658 747 miseretur
1670 690 1718 746 hic

66 785 180 841 salvasti
206 801 259 856 per
284 783 511 839 misericordiam
539 791 566 838 ει
589 787 619 839 ut
646 783 866 856 promissionem
917 779 1717 847 carniumhumiliumsibiconiitentium,etcumlvamiiio

65 877 145 930 tuam
160 874 323 929 verificares
339 891 345 927 :
361 873 535 945 promiseras
543 873 620 928 eninr
631 876 658 927 te
669 873 866 944 generabuma·
916 871 1062 942 respiciat,
1074 871 1129 925 alta
1140 870 1238 938 etiam,
1251 868 1281 926 id
1292 873 1335 926 est
1343 869 1467 941 superba
1476 870 1610 941 cognoscit
1625 870 1656 924 ut
1668 882 1720 940 pua

66 981 139 1019 num
154 964 340 1018 salvaturum.
358 962 392 1016 Et
404 962 468 1017 ideo
484 978 598 1034 quoque
611 962 782 1026 confitebor,
802 977 867 1032 orco·
918 961 979 1015 nial
993 980 1009 1015 a
1024 962 1098 1029 longe
1113 961 1236 1016 existens
1251 977 1310 1016 non
1323 960 1480 1016 secundum
1492 961 1600 1025 locum,
1615 957 1665 1014 sad
1678 971 1721 1012 se·

65 1055 139 1108 m'om
154 1050 334 1122 raapnificasti
345 1067 441 1105 nornen
455 1057 578 1106 sanctum
602 1057 677 1127 tauro
697 1067 774 1120 sscper
793 1065 869 1103 ornae
917 1049 1044 1104 cundum
1060 1048 1301 1116 misericordiam,
1317 1048 1422 1103 seilicet
1432 1046 1564 1119 providet
1578 1045 1720 1103 ultionem

66 1158 186 1206 nomen,
204 1140 286 1194 idest
301 1139 450 1194 ostendisti
466 1139 527 1209 ipsa
550 1139 591 1193 rei
614 1137 757 1193 evidentia
775 1154 868 1192 noram

54 1218 289 1295 ‘saracenatorum
306 1228 382 1299 quod
399 1230 441 1281 est
463 1229 538 1282 Deus
560 1230 589 1281 et
608 1227 758 1290 Dominus,
774 1226 869 1298 majus

67 1335 128 1373 ossa
144 1319 172 1372 et
187 1316 338 1388 gloriosius
354 1316 436 1372 omni
451 1316 580 1370 rrourine.
603 1315 683 1370 Unde
694 1316 844 1388 Apostolus
860 1331 868 1370 τ

68 1430 81 1456 ι
97 1407 131 1460 Ει
145 1405 225 1461 dedit
235 1405 275 1459 illi
288 1422 395 1459 nomeu
407 1405 484 1477 quod
500 1407 643 1476 estsuper
659 1421 745 1459 ourne
761 1420 868 1459 nomen

69 1495 152 1565 (Phil.
170 1512 199 1562 n,
214 1498 254 1558 9).
271 1517 284 1543 o
302 1493 435 1556 Quamvis
451 1493 529 1548 enim
547 1493 668 1548 uomina
683 1493 745 1548 haec
761 1491 868 1563 angeli,

918 1137 1120 1209 superborum,
1134 1133 1719 1207 sieutlongelaeiatabeismiserieordiaar

918 1241 1001 1279 suam
1017 1229 1138 1296 propter
1154 1240 1256 1279 eorum
1272 1225 1349 1279 mala
1361 1223 1475 1279 merita.
1489 1222 1614 1294 Exponit
1622 1222 1721 1277 antem

919 1311 1043 1383 qualiter
1058 1313 1170 1366 ιιιιηιιιίι
1186 1313 1292 1383 respicit
1301 1312 1339 1366 sic
1356 1328 1363 1365 :
1379 1311 1451 1367 Vere
1465 1310 1581 1383 respicis
1590 1312 1721 1382 respectu

919 1401 1134 1468 misericordiae,
1150 1404 1178 1457 et
1192 1419 1239 1457 me
1249 1401 1389 1456 humilem
1402 1403 1555 1456 eteaeteros
1564 1398 1719 1454 mcimodi.

919 1488 991 1543 Nam
1007 1506 1062 1561 ego
1078 1490 1201 1545 existens
1216 1492 1244 1543 in
1265 1489 1361 1555 medio,
1387 1489 1417 1544 id
1437 1491 1479 1544 est
1498 1489 1528 1543 in
1539 1486 1722 1559 plenitudine

69 1581 245 1653 archangeli,
263 1581 390 1647 virtutes,
407 1584 435 1635 et
448 1583 552 1636 caetera
568 1580 732 1652 hujusmodi
745 1580 871 1652 gloriosa
921 1578 1098 1633 tribulationis
1107 1581 1131 1632 si
1143 1579 1323 1646 ambulavero,
1339 1578 1369 1632 id
1380 1577 1453 1632 estsi
1463 1590 1680 1648 perseveravero
1690 1575 1720 1631 in

69 1671 127 1724 sint
145 1673 174 1725 ct
201 1687 308 1741 magna
333 1669 496 1741 designent,
513 1686 623 1724 nomen
641 1673 737 1724 iernen
754 1668 868 1724 Domini
919 1666 1082 1721 constantia
1095 1683 1161 1722 mea
1174 1683 1209 1722 ne
1225 1683 1278 1738 pro
1292 1666 1480 1723 tribulatione
1503 1663 1633 1719 delicium
1650 1663 1723 1718 sicut

69 1760 145 1826 lesu,
163 1760 247 1824 Dens,
262 1759 378 1827 seilicet,
395 1761 423 1812 ει
439 1758 570 1813 ειιιειιιιιι
582 1758 721 1813 Dominus
735 1758 764 1812 et
776 1757 870 1811 omni·
883 1728 909 1786 Β
922 1772 986 1811 vere
1002 1756 1130 1821 ambulo,
1152 1772 1203 1826 per
1221 1755 1276 1810 hoc
1296 1753 1440 1826 contingit
1461 1753 1532 1808 mihi
1555 1751 1722 1824 hujusmodi

69 1850 182 1921 potens,
200 1847 351 1919 gloriosius
372 1849 424 1913 est,
441 1849 470 1901 ct
484 1847 569 1918 longe
589 1847 683 1916 majus
705 1845 869 1916 designans.
921 1844 1090 1910 ambulatio,
1107 1842 1174 1916 quia
1199 1842 1347 1915 vivificetis
1371 1859 1413 1897 mc
1435 1842 1556 1898 interius
1579 1841 1608 1896 in
1624 1840 1723 1896 anima

106 1935 224 1990 Ostensa
241 1934 319 1989 bona
331 1934 481 1989 affectione
494 1952 554 2000 sua,
571 1950 658 2005 quarn
674 1935 762 1988 habet
782 1932 873 1987 conii·
921 1948 973 2005 per
985 1932 1121 2003 gratiam,
1133 1949 1200 1987 eum
1215 1931 1338 1986 exterius
1358 1931 1388 1986 in
1403 1945 1523 2003 corpore
1537 1946 1590 2001 pro
1602 1928 1721 1985 tribula·

69 2023 150 2078 tendi
166 2027 194 2078 ct
209 2023 361 2094 psallendi,
382 2023 511 2094 sequitur
526 2022 630 2088 oratio,
649 2039 712 2093 quac
728 2021 791 2076 talis
804 2024 847 2075 est
862 2037 869 2077 :
920 2020 1000 2073 tione
1011 2020 1199 2075 mortificatus
1214 2036 1284 2088 ero;
1301 2036 1334 2075 ac
1349 2017 1458 2074 sidicat
1470 2020 1515 2073 :ln
1527 2019 1723 2089 hoccompro·

68 2111 230 2181 Compitales,
248 2112 377 2183 inquam,
389 2118 413 2165 et
421 2112 546 2182 psallero,
563 2115 592 2167 et
604 2110 727 2165 odorabo.
746 2110 871 2181 ideoque
919 2107 1015 2174 batur,
1035 2107 1102 2179 quia
1120 2125 1167 2163 me
1190 2107 1331 2164 humilem
1357 2107 1484 2178 respicis,
1510 2106 1648 2179 quoniam
1670 2121 1722 2178 per

68 2203 98 2254 in
111 2201 327 2273 quaecamqucclie
338 2203 494 2254 invocavero
509 2206 543 2266 te,
565 2199 593 2253 id
606 2201 649 2253 est
660 2198 779 2253 interius
794 2198 871 2253 bona
919 2197 1044 2267 gratiam
1060 2200 1140 2253 tuam
1154 2198 1276 2252 interius
1291 2213 1337 2252 me
1353 2196 1555 2264 vivificantem,
1572 2211 1620 2251 me
1635 2195 1722 2251 iacias

66 2288 230 2356 allectione,
243 2305 301 2343 non
313 2289 405 2343 solum
423 2287 545 2343 caterius
561 2296 754 2342 voceoravcro
764 2290 802 2352 ιε,
817 2302 869 2358 po·
919 2283 949 2339 in
965 2284 1061 2339 medio
1077 2285 1270 2341 tribulationis
1282 2287 1477 2340 constantem.
1492 2284 1526 2339 ιιι
1545 2283 1585 2339 ειε
1603 2282 1721 2357 quidem

65 2394 148 2432 scens
170 2376 353 2449 multiplicari
379 2394 395 2431 a
420 2380 448 2430 te
476 2378 503 2430 ia
527 2378 617 2430 animo
645 2393 702 2429 mea
725 2377 868 2442 virtutem,
919 2372 1211 2445 raccioificolisquod
1231 2373 1373 2430 extendisti
1394 2388 1506 2426 meacm
1532 2379 1618 2439 taam,
1633 2370 1720 2426 idest

64 2465 166 2519 eraudi
180 2482 221 2520 nce
239 2468 269 2521 ut
290 2464 461 2536 multiplices
487 2466 514 2518 in
533 2466 624 2518 aniana
653 2481 710 2518 ιιιεα
732 2465 868 2518 virtatem.
919 2461 1145 2515 extensnmmibi
1157 2459 1722 2532 iaciesauxiliumgratiaetuaesuperiram

66 2553 152 2618 Quod
172 2568 224 2623 pro
240 2556 317 2606 certo
332 2552 431 2618 iacies,
450 2568 548 2606 revera
563 2552 761 2623 rnailiplicabir,
780 2551 808 2605 id
827 2554 870 2606 cst
920 2550 1229 2620 inimicorommeorum,
1244 2548 1327 2604 idest
1341 2563 1430 2620 supra
1443 2546 1611 2603 iracundam
1628 2546 1722 2619 impu·

66 2641 273 2712 augmentabis
293 2640 389 2695 dedic
407 2639 435 2694 in
463 2639 540 2694 diem
564 2657 683 2695 onlnem
705 2642 827 2694 cristatam
842 2642 870 2693 ia
920 2638 1087 2708 gnationem
1101 2637 1287 2693 inimieorum
1297 2653 1440 2693 meorum.
1451 2635 1534 2700 Quod
1550 2633 1720 2690 estdicere:

64 2731 159 2784 anima
173 2746 242 2783 mcc.
260 2729 317 2784 iloe
333 2732 431 2783 autem
447 2728 539 2782 nimia
549 2728 721 2783 certitudine
735 2728 788 2782 sibi
801 2744 868 2799 pro·
920 2724 1258 2798 Cummagnasiteorum
1267 2724 1459 2798 impugnatio,
1469 2724 1670 2795 majustamen
1679 2726 1722 2778 εει
1780 2731 1785 2740 '

64 2817 167 2885 mittit,
179 2817 256 2871 utsic
272 2816 364 2888 magis
379 2816 526 2871 auditores
541 2817 578 2870 ad
593 2816 647 2870 boe
661 2816 804 2870 orandum
818 2816 870 2869 im·
920 2811 948 2865 iu
960 2813 1152 2868 meaurilium
1165 2815 1266 2886 gratiae
1279 2817 1346 2868 tura.
1365 2813 1515 2880 Exteudes,
1532 2812 1661 2883 inquam,
1675 2810 1721 2866 bie

65 2906 156 2977 pellat
168 2921 217 2976 spe
234 2905 439 2977 consequendi.
453 2904 537 2958 Facta
545 2903 677 2958 oratione
691 2919 744 2973 pro
755 2921 794 2969 se,
807 2905 870 2958 orat
919 2900 992 2954 mihi
1004 2918 1124 2956 manum
1136 2901 1582 2972 tuam,ettandempostmortem
1592 2899 1721 2972 corporis

64 2992 156 3049 etiam
172 3009 224 3064 pra
247 2992 379 3047 fidelibus
399 2991 472 3057 aliis,
499 2994 531 3045 ut
548 2994 577 3046 et
601 2991 655 3063 ipsi
677 3008 747 3060 repes
763 2991 869 3046 suimet
881 2974 905 3036 C
916 2989 1076 3060 sccit,idest
1086 2989 1171 3045 iaciat
1181 3007 1222 3044 me
1231 2988 1448 3044 satercmdectero
1458 2988 1547 3056 tamid
1556 2992 1598 3044 εει
1607 2987 1720 3043 miseri·

65 3081 220 3137 existentes
248 3080 426 3154 corsfiteontar
449 3080 584 3148 Domino,
606 3081 738 3152 exemplo
765 3096 814 3134 suo
838 3083 868 3133 ut
918 3075 1722 3150 cordiatua,atornrentisomnibuseripiendo,etaddex·

918 3169 1010 3221 teram
1027 3167 1118 3222 Patris
1134 3183 1181 3222 me
1196 3168 1376 3223 collocando.

953 3256 1019 3310 Post
1044 3273 1101 3311 sure
1117 3256 1215 3313 salutis
1239 3257 1445 3323 ostensionem,
1469 3255 1594 3311 ostendit
1610 3255 1720 3328 justam

64 3175 174 3226 cantent
189 3171 215 3222 ia
232 3171 279 3223 ciis
292 3170 358 3239 ejas,
379 3168 457 3242 quod
472 3168 515 3223 eis
538 3168 722 3223 utilissimum
741 3171 792 3223 εει.
810 3167 867 3222 lloe

65 3258 165 3312 autem
179 3273 212 3311 ea
223 3256 460 3312 intentioneiacit
472 3259 502 3311 ut
518 3256 662 3312 auditores
678 3257 798 3310 instruat
814 3269 866 3326 pro

64 3345 188 3401 aliorum
202 3345 324 3400 utilitate
340 3361 433 3400 orare.
450 3345 519 3400 Dico
533 3346 674 3415 confitebor
689 3346 717 3399 et
726 3344 842 3416 psallam
856 3361 865 3398 ε

64 3437 96 3488 ει
109 3435 238 3506 exemplo
255 3434 311 3489 mei
328 3436 504 3504 confiteantur
527 3436 583 3500 tili,
610 3433 734 3500 Domine,
750 3433 866 3487 laudem

65 3522 270 3579 omnimodam
285 3541 373 3577 crines
385 3541 456 3593 reges
465 3531 552 3587 terrae,
562 3524 746 3578 idestomnes
756 3522 864 3589 fideles,

63 3611 133 3667 iacti
148 3617 308 3681 regesterrae
331 3628 400 3679 sura,
421 3612 452 3669 id
475 3616 517 3669 est
544 3611 733 3666 sensualitatis
757 3627 815 3665 suae
835 3613 866 3665 ut

62 3700 139 3756 bene
152 3704 255 3772 regant
264 3717 340 3769 earn,
355 3704 385 3756 et
399 3702 506 3758 iaciant
519 3703 627 3755 terram
643 3698 864 3754 fructificantem

63 3789 123 3844 Deo
139 3789 216 3844 bona
226 3806 325 3860 opera,
343 3795 372 3845 et
386 3808 421 3845 ea
433 3788 582 3845 occasione
597 3787 789 3842 confiteantur
801 3789 864 3859 qaia

60 3875 121 3947 jam
135 3877 275 3932 assalierunt
289 3881 380 3932 omnio
394 3878 473 3932 cerba
488 3879 540 3932 oric
551 3878 592 3930 tui
598 3892 650 3946 per
663 3874 864 3947 predicatores

63 3966 138 4033 tuos,
155 3965 323 4021 seilicetilla
339 3965 438 4021 omnia
460 3964 599 4019 doctrinae
621 3967 677 4018 tuas
705 3963 803 4025 verba,
827 3963 864 4017 ad

917 3342 1103 3399 inimieorum
1128 3346 1366 3413 retributionem
1383 3344 1590 3418 apostropham
1612 3343 1721 3399 iaciens

917 3434 953 3488 ad
969 3435 1125 3500 auditores,
1143 3437 1174 3489 ut
1188 3452 1237 3491 eos
1256 3436 1293 3490 ab
1309 3435 1493 3491 inimicorum
1514 3432 1719 3490 conformitate

917 3523 1046 3577 retrahat
1060 3522 1099 3577 sie
1115 3540 1121 3577 ε
1140 3523 1162 3578 0
1179 3523 1334 3591 auditores,
1349 3524 1411 3579 dico
1426 3523 1503 3595 quod
1518 3520 1720 3578 mercicamia-

916 3608 972 3664 ciet
982 3609 1132 3665 Dominus.
1161 3611 1329 3666 Ecoutrario
1355 3627 1422 3666 vcro
1443 3613 1578 3667 Dominus
1593 3609 1719 3664 retribuet

914 3696 944 3752 in
955 3697 1051 3754 futuro
1068 3699 1177 3769 justam
1202 3698 1324 3753 inimicis
1340 3698 1411 3753 meis
1435 3698 1655 3753 damnationem
1665 3710 1717 3767 pro

914 3802 965 3853 me,
982 3785 1012 3840 id
1024 3790 1067 3841 est
1077 3786 1141 3842 ideo
1154 3785 1222 3858 qnia
1234 3786 1306 3841 mihi
1320 3785 1537 3841 tribulationem
1556 3785 1661 3857 injuste
1675 3785 1718 3839 in·

914 3874 1021 3930 ierunt.
1037 3874 1087 3929 Vel
1096 3890 1148 3945 pro
1160 3893 1211 3941 me,
1226 3873 1309 3930 idest
1323 3875 1387 3930 loco
1398 3874 1467 3937 mei,
1482 3871 1665 3946 seilicetquia
1675 3873 1716 3928 eis

914 3962 959 4016 bie
971 3963 1037 4017 nolo
1051 3964 1128 4018 nrala
1139 3979 1192 4034 pro
1208 3963 1291 4019 malis
1305 3962 1477 4018 retribuere.
1493 3962 1574 4018 Unde
1593 3963 1715 4035 Aposto-

63 4049 392 4108 instructionemlidciet
405 4051 863 4123 morumpertinentia,sinequo-
915 4050 957 4102 lus
973 4067 980 4105 ε
997 4073 1011 4099 ι
1029 4050 1094 4106 llihi
1109 4051 1277 4118 vindictam,
1294 4068 1347 4123 ego
1356 4051 1528 4120 retribuam,
1539 4048 1715 4105 dicitDomi·

63 4153 127 4192 rum
143 4140 246 4195 notitia
261 4158 347 4196 nevno
358 4142 493 4206 salvatur,
503 4157 567 4213 quse
578 4141 607 4194 tu
621 4139 682 4212 ipse
692 4156 743 4194 ore
754 4139 864 4194 tuodis·
914 4153 967 4191 nus
981 4139 1068 4209 (Rern.
1086 4156 1133 4206 ru,
1153 4142 1203 4203 iti).
1223 4162 1237 4189 a
1252 4141 1320 4196 Orat
1336 4139 1424 4196 etiam
1438 4139 1550 4212 assequi
1571 4135 1649 4211 quod
1662 4137 1714 4193 ad·

64 4225 163 4295 cipulis
173 4227 282 4281 locutus
304 4245 343 4282 es.
359 4229 446 4283 liulta
461 4228 568 4300 quippe
584 4229 703 4299 mystica
717 4231 746 4282 ει
758 4244 863 4283 areana
875 4256 902 4315 D
913 4229 1077 4283 numeravit
1093 4227 1132 4283 sic
1149 4245 1155 4283 :
1176 4229 1243 4284 Dico
1259 4229 1348 4302 quod,
1372 4228 1497 4293 Dorninc,
1512 4226 1658 4299 vivificatis
1673 4243 1715 4280 me

63 4309 175 4366 loeutus
187 4316 230 4367 est
238 4315 376 4369 Dominus
384 4331 447 4386 qum
456 4331 515 4369 non
527 4315 626 4370 omnia
641 4315 794 4370 audierunt
803 4333 865 4371 om·
914 4315 1034 4372 interius
1045 4317 1229 4389 pergratiam
1244 4317 1274 4372 in
1287 4317 1440 4372 virtutibus
1453 4318 1482 4370 et
1495 4315 1600 4369 solcum
1619 4330 1661 4368 me
1673 4314 1714 4368 la-

64 4416 115 4455 nes
126 4417 208 4472 reges
218 4403 311 4455 terras.
322 4401 519 4474 ldeoquecum
533 4404 608 4459 dicat
619 4406 706 4457 ornato
721 4406 798 4458 acrba
811 4409 864 4460 oris
913 4405 979 4459 cies.
997 4406 1030 4459 Et
1044 4405 1083 4460 sic
1099 4421 1149 4460 oro
1164 4409 1193 4460 ut
1204 4405 1263 4473 ilat,
1280 4424 1296 4460 o
1311 4406 1434 4468 Domine,
1451 4401 1518 4474 quia
1533 4402 1712 4456 misericordia

63 4493 112 4557 tui,
126 4488 379 4545 determinandum
396 4495 438 4546 est
452 4493 488 4547 de
504 4492 557 4548 illis
570 4493 663 4547 verbis
676 4492 861 4560 dictumesse,

62 4577 705 4651 quaradsrdemetmoresattinentiaiguorare
716 4580 860 4635 nonlicet.

62 4667 143 4722 Unde
160 4667 264 4736 legitur
280 4666 308 4721 in
319 4669 456 4740 Apostolo
470 4687 476 4723 ι
490 4689 506 4722 a
522 4671 661 4740 Ignorans
680 4667 862 4738 ignorabitur

61 4753 861 4828 (lCor.xrv,38).»Conllteantur,inqnam,etsiequidenr

60 4843 137 4914 quod
149 4846 176 4896 ia
186 4845 234 4897 ciis
244 4845 356 4900 Deretini
368 4843 529 4912 existentes,
541 4844 570 4898 id
579 4847 620 4898 est
629 4843 657 4896 in
666 4843 860 4914 completione

59 4934 273 5000 praeceptorum
286 4933 348 5000 ejus
364 4933 506 5002 quaesunt
520 4930 572 4984 viar
592 4930 629 4985 ad
644 4930 744 4997 vitam,
761 4914 861 5003 548

59 5024 176 5084 εεηιεηι,
193 5018 222 5072 id
237 5023 280 5072 est
293 5018 662 5088 delectenturinipsisviisa
672 5018 860 5075 similitudine

59 5106 240 5160 cantantium
254 5106 343 5178 quiin
361 5110 447 5161 cantu
468 5124 518 5162 suo
535 5107 724 5162 delectantur.
742 5110 861 5164 Possent

10 5264 14 5276 Ι
59 5209 166 5264 nempe
180 5193 209 5249 in
226 5197 275 5249 ciis·
283 5195 398 5250 Domini
412 5213 471 5250 esse
481 5195 608 5267 sicquasi
620 5194 861 5268 inritecompleu-

58 5286 101 5336 tes
114 5285 143 5335 et
153 5300 211 5337 non
225 5287 375 5338 cantarent
391 5285 468 5356 quod
484 5283 621 5339 nimirum
632 5301 689 5339 rron
703 5286 859 5340 essctadeo

912 4496 970 4559 tao,
982 4509 1069 4563 quam
1084 4493 1254 4547 naturaliter
1268 4493 1368 4554 habes,
1382 4490 1520 4544 duratura
1534 4492 1578 4544 est
1592 4492 1619 4543 ia
1633 4504 1712 4544 rucu-

913 4578 978 4644 lmn,
992 4579 1018 4632 id
1036 4582 1078 4632 est
1091 4579 1121 4633 in
1138 4582 1293 4646 aternum,
1309 4597 1341 4634 ae
1353 4579 1478 4651 despiciar
1490 4594 1568 4650 opero
1582 4594 1712 4634 manuum

913 4674 1029 4733 trionem,
1047 4666 1132 4721 idest
1152 4684 1187 4721 ne
1211 4666 1332 4723 videaris
1356 4667 1502 4740 despicere
1519 4666 1609 4740 digna
1631 4684 1711 4738 opera

912 4757 970 4819 tua,
985 4772 1049 4827 quae
1064 4754 1093 4809 in
1110 4772 1157 4811 me
1178 4756 1291 4828 operari
1317 4757 1469 4829 ineoepisti,
1487 4756 1709 4812 vivificationem

911 4842 1018 4897 scilicet
1031 4842 1136 4898 animae
1152 4843 1181 4897 in
1200 4844 1367 4912 virtutibus;
1394 4861 1458 4918 quae
1479 4843 1599 4915 quidem
1621 4857 1711 4912 opera

911 4930 1048 4985 videreris
1058 4930 1214 5005 despicere,
1229 4933 1252 4988 si
1266 4932 1487 4989 vivificationem
1512 4930 1591 4985 illam
1607 4928 1637 4984 iu
1661 4946 1709 4985 me

911 5034 969 5073 nen
986 5019 1147 5091 perficeres,
1164 5037 1195 5075 ac
1210 5020 1340 5077 sidicat:
1357 5021 1465 5076 Perllce
1479 5018 1509 5074 iu
1525 5033 1573 5073 me
1587 5016 1710 5074 vivitica-

911 5106 997 5163 tienis
1013 5124 1111 5180 opera,
1128 5110 1260 5181 quaejam
1277 5108 1427 5181 incoepisti.

1119 5199 1152 5252 lN
1173 5198 1334 5254 Psauuuu
1350 5199 1501 5254 Clllllltllll.

944 5286 1051 5341 Titulus
1066 5286 1214 5342 centesimi
1232 5286 1367 5342 tricesimi
1388 5285 1489 5341 octavi.
1514 5285 1639 5340 Psalmas
1655 5283 1713 5340 Da·

58 5369 500 5448 utiletCoafiteaatur,iuquarn,et
510 5381 625 5426 cantent.
635 5375 771 5428 lltlroeea
782 5392 861 5429 occa·
911 5376 955 5429 eid
966 5374 1069 5429 Ciriai
1082 5376 1242 5447 respicientis
1259 5378 1286 5429 in
1299 5377 1389 5444 finem,
1403 5376 1432 5430 id
1449 5376 1493 5430 est
1511 5374 1539 5430 ln
1553 5373 1714 5446 perlectam

58 5460 138 5515 sione
147 5477 152 5513 :
161 5463 285 5531 precatam
295 5478 390 5530 recogno
402 5469 439 5515 cst
448 5463 532 5530 plocio
544 5463 660 5527 Deretini,
672 5479 759 5533 spiram
771 5462 799 5515 in
816 5463 859 5517 in-
911 5463 952 5518 sui
964 5463 1244 5519 consummationem
1256 5481 1261 5525 ;
1277 5463 1312 5519 de
1322 5482 1377 5537 qua
1388 5465 1433 5519 bic.
1442 5464 1513 5533 agii.
1525 5465 1556 5519 ln
1572 5463 1629 5516 hec
1639 5462 1719 5517 enim

59 5553 123 5604 turo
139 5549 216 5605 dabit
226 5550 429 5605 confitentibus
442 5551 504 5620 sibi,
514 5555 540 5606 ct
552 5551 581 5606 ιιι
592 5552 705 5622 n'r'sajns
718 5552 858 5606 carrlaoli·
910 5552 1328 5626 psalmoDorninicushomoad
1337 5548 1722 5628 gratiarumactinnemDeo
