3772 5970
131 327 184 386 iis

562 331 590 386 S.
606 329 777 385 cuononis
797 323 1112 383 caninosnnoubn
1131 327 1365 384 insrnbroms

1743 334 1798 389 lto

127 468 180 507 nec
196 453 307 505 servato
323 450 424 505 ordine
442 453 582 522 judiciali,
599 453 767 522 omissisque
792 451 936 505 consuetis
946 455 972 511 A
988 466 1020 504 ev
1036 453 1103 504 ante
1120 450 1201 503 dictis
1214 451 1332 504 ulterius
1344 451 1539 522 consequitur,
1562 454 1591 504 ut
1608 467 1660 505 nec
1673 453 1797 521 bullam,

126 537 318 605 ceremoniis,
334 539 387 592 coli
400 540 518 609 jubetur
533 542 561 595 in
574 543 704 596 universa
721 539 845 593 Ecclesia
856 543 934 593 certo

128 625 175 681 die
185 643 237 696 per
247 625 332 679 oflicii
344 630 372 679 et
382 627 474 680 missm
485 629 684 682 reeitatiouem
699 627 936 681 celebrationem-

128 714 364 787 que,rituctiam‚
377 720 517 771 centraae
529 719 557 771 in
567 717 792 771 canonizationis
806 716 936 770 formalis

127 803 211 858 bullis
240 803 296 873 (adi
325 804 472 859 laudatum
497 807 642 861 Benedicti
666 806 721 860 xiv
746 822 817 877 opus
843 805 893 859 lib.
915 822 934 869 1,

128 907 190 962 cap.
209 893 252 956 38,
273 909 353 945 ιιιιιιι.
371 896 385 946 5
400 897 428 946 ei
444 896 515 964 seq.)
535 894 597 948 fieri
613 895 726 959 assolet,
753 911 803 947 seu
829 891 935 963 duplici

128 995 178 1033 seu
193 979 446 1052 semiduplici,quo
458 982 520 1036 sieri
534 983 603 1036 illud
621 982 734 1047 debeat,
756 998 886 1053 expresse
904 999 935 1034 ae

128 1068 936 1140 nominatim‚utierariiscanonizationis‹aquipolleniis

128 1156 276 1228 exemplis,
293 1173 310 1209 a
325 1157 478 1213 llencdiclo
494 1159 550 1212 XlV
570 1160 675 1229 operis,
691 1175 756 1211 niox
779 1158 883 1211 iterum
900 1156 936 1209 ci-

127 1243 189 1310 tati,
207 1244 256 1298 lib.
274 1262 292 1310 1,
311 1261 372 1316 cap.
390 1247 434 1311 ll,
452 1247 591 1313 adduciis,
608 1247 787 1317 intelligitur,
798 1245 935 1299 determi-

45 1371 62 1391 .
127 1337 195 1386 nato
210 1350 258 1386 seu
274 1334 451 1404 praescripto,
468 1336 654 1407 ulteriorique
676 1334 797 1406 proinde
810 1335 865 1404 (adi
882 1335 933 1388 ite-

127 1436 193 1473 rum
212 1422 360 1476 laudatum
378 1423 522 1477 Benedicti
543 1424 785 1494 xlvopusiih.1,
804 1439 868 1492 cap.
890 1425 933 1486 aa,

128 1525 209 1563 num.
225 1513 239 1562 5
255 1512 283 1563 et
295 1511 367 1580 seq.)
379 1511 594 1578 constitutione,
605 1516 635 1565 ut
648 1513 777 1575 Saucius,
792 1511 841 1581 qui
851 1527 936 1563 cano-

128 1595 272 1651 nizatione
284 1597 480 1668 acquipollenti
495 1600 678 1653 canonizatus
691 1599 754 1664 luit,
765 1599 801 1651 ita
813 1598 866 1651 coli
875 1614 937 1668 pos-

128 1682 174 1750 sit,
191 1702 249 1739 non
266 1685 413 1756 requisita.
432 1687 512 1749 Quod
537 1687 622 1741 modo
639 1687 674 1740 ad
691 1686 935 1741 beatificationem

987 554 1043 608 qua
1057 537 1085 590 S.
1105 539 1269 591 Brunonem
1282 538 1469 604 canonizarit,
1487 555 1565 593 anuo
1588 542 1655 593 1515
1671 540 1796 608 dederit,

986 625 1093 679 nedum
1111 625 1146 678 ad
1163 626 1272 679 ordinis
1288 627 1496 681 Caribusiensis
1518 629 1684 699 generalem
1709 630 1797 685 mise·

986 712 1033 777 rii,
1049 717 1149 767 contra
1166 730 1198 766 ac
1211 715 1303 767 verbis
1317 732 1403 784 supra
1419 715 1544 769 recitatis
1568 717 1705 771 Camillus
1719 718 1798 773 Tuti-

987 818 1039 854 nus
1055 801 1152 865 tradit,
1171 802 1276 872 aliique
1294 805 1438 869 nonnulli,
1456 804 1491 857 ab
1508 821 1553 869 eo,
1572 809 1713 875 quantum
1735 807 1799 878 opi-

987 903 1050 953 nor,
1068 887 1097 940 in
1109 905 1236 942 errorem
1253 890 1372 954 inducti,
1392 890 1536 961 hodieque
1552 890 1727 947 existimant.

1022 979 1084 1030 773.
1099 977 1187 1030 Porro
1200 994 1264 1030 ιτιιιιι
1281 978 1401 1032 Saucius
1414 983 1519 1043 noster,
1530 979 1577 1050 qui
1594 997 1625 1033 ex
1636 980 1700 1049 jam
1716 981 1799 1037 dictis

986 1080 1002 1116 a
1019 1063 1112 1117 Leone
1129 1065 1148 1116 x
1165 1066 1348 1119 canonizatus
1367 1084 1425 1121 non
1443 1066 1504 1132 luit,
1522 1084 1581 1120 uun
1608 1069 1692 1122 aliter
1709 1087 1798 1140 quam

987 1152 1053 1204 viru
1068 1153 1143 1205 rucis
1157 1156 1283 1218 oraculo,
1301 1171 1368 1224 (piro,
1387 1158 1416 1208 ut
1432 1157 1508 1208 cultu
1525 1156 1716 1210 ecclesiastico
1733 1159 1797 1212 olfi-

986 1256 1050 1293 cere
1065 1257 1130 1294 eum
1148 1245 1272 1311 possent,
1292 1241 1485 1296 Cariliusiauis
1508 1243 1562 1296 luit
1583 1261 1763 1312 concessum,
1783 1264 1800 1301 a

985 1327 1105 1397 praelate
1113 1328 1346 1398 pontilicebcatis
1359 1329 1442 1382 luisse
1451 1330 1610 1400 adscriptus
1619 1331 1795 1401 invenietur,

986 1431 1044 1469 non
1062 1414 1145 1467 luisse
1161 1416 1248 1469 etiarn
1266 1416 1294 1469 id
1310 1417 1359 1470 abs
1376 1418 1429 1470 hor:
1451 1419 1558 1471 lactum
1583 1419 1809 1482 beatificatione.

986 1500 1112 1567 formali,
1129 1503 1179 1556 sed
1193 1506 1304 1557 tantum
1318 1504 1527 1575 aequipollenti,
1540 1507 1635 1572 facile,
1653 1511 1798 1580 quantum

987 1592 1101 1662 opinor,
1118 1593 1238 1663 quisque
1255 1594 1397 1658 intelliget
1414 1595 1518 1663 partim
1535 1613 1550 1648 e
1573 1596 1634 1665 jam
1652 1597 1721 1651 data
1735 1601 1798 1653 tum

987 1679 1126 1746 loruialis,
1137 1684 1196 1733 tum
1212 1681 1576 1751 rrqrripollentisserrorum
1589 1683 1639 1737 Dei
1650 1685 1799 1740 beatifica-

127 1776 247 1844 special,
263 1774 333 1835 hare,
348 1790 404 1827 non
422 1792 501 1828 secus
517 1779 602 1846 atque
616 1775 805 1838 canonizatio,
825 1774 853 1827 in
876 1774 936 1827 lor·
951 1768 1074 1828 Bitonis
1090 1769 1339 1839 desstl'ipllonoseu
1354 1770 1799 1844 notil·ia,parti1nexmodo,quo

127 1861 245 1926 malem,
263 1864 348 1931 atque
370 1862 605 1932 aequipollentem
632 1862 767 1916 dividitur
784 1879 789 1914 :
806 1862 936 1915 formalis
987 1855 1016 1909 in
1030 1857 1155 1909 coliium
1171 1857 1326 1911 honoribus
1344 1857 1371 1911 S.
1387 1859 1514 1912 brunoni
1534 1860 1726 1914 concedendis
1741 1861 1799 1916 Leo

128 1947 245 2018 quidem
259 1950 446 2020 est,quando,
462 1951 689 2022 praeviatormali
701 1950 934 2004 eliscussionerir-
987 1961 1061 2016 papa
1092 1945 1258 2015 processisse
1287 1947 1422 2000 asseritur
1449 1951 1509 2000 tum
1540 1965 1554 1999 a
1580 1949 1800 2004 Blemenrenna

128 2035 222 2089 tutum
240 2039 268 2089 ei
280 2037 496 2104 miraculorum,
514 2039 640 2109 pontifex
657 2038 788 2109 indulget
801 2042 936 2091 utscrrus
986 2033 1118 2104 huncque
1130 2037 1225 2088 secuto
1239 2034 1321 2089 Surio
1335 2035 1362 2088 in
1379 2036 1557 2089 concinnatis
1572 2053 1588 2089 a
1603 2054 1631 2090 se
1647 2039 1738 2092 saneti
1755 2038 1801 2092 vi-

128 2123 307 2189 Deieolaiur,
319 2128 459 2195 tanquam
474 2127 583 2192 beatus,
601 2127 629 2179 iu
647 2127 742 2196 aliquo
761 2130 839 2180 certo
856 2128 933 2194 loco;
988 2121 1032 2188 tis,
1050 2125 1110 2175 tuin
1127 2123 1162 2176 ab
1174 2123 1298 2177 Antonio
1316 2123 1343 2177 S.
1358 2124 1389 2176 li.
1409 2125 1440 2176 E.
1457 2124 1595 2177 cardinali
1616 2125 1748 2196 Papiensi
1768 2126 1799 2180 in

128 2211 316 2282 aequipollens
328 2229 479 2276 vero,cum
490 2231 619 2267 summus
631 2214 770 2284 pontifex,
782 2214 937 2285 praeriaju·
986 2209 1089 2265 litteris
1101 2228 1186 2282 supra
1200 2211 1254 2264 hue
1269 2213 1456 2283 transcriptis.
1472 2213 1514 2266 Ad
1535 2212 1690 2267 formalem
1715 2215 1797 2268 enim

128 2297 222 2354 dieiali
236 2299 405 2369 probatione
417 2300 502 2355 lamae
519 2301 656 2355 virtutum
672 2306 700 2355 et
717 2301 934 2369 miraculorum,
987 2299 1043 2369 (adi
1062 2315 1142 2352 num.
1160 2301 1222 2368 iil)
1236 2299 1480 2354 beatificationem
1496 2300 1636 2363 formalis,
1652 2319 1717 2373 quie
1731 2302 1800 2356 huie

128 2387 561 2458 approbai·senteutiamlatam
579 2407 594 2442 a
608 2389 704 2459 judice
728 2390 872 2443 ordinario
893 2391 936 2444 rel
987 2390 1158 2458 prrceatseu
1175 2387 1281 2457 praevia
1308 2387 1354 2453 sit,
1378 2389 1516 2442 virtutum
1532 2389 1801 2461 miraculorumque

128 2474 261 2547 delegato
279 2493 364 2547 super
380 2494 445 2531 casu
459 2479 735 2548 excepioadecretis
750 2479 854 2533 Urbani
866 2479 934 2532 Vlll.
987 2475 1058 2529 servi
1076 2474 1136 2539 liei,
1152 2474 1199 2545 qui
1214 2474 1306 2528 beatis
1320 2475 1525 2529 adscribendus
1544 2477 1725 2548 proponitur,
1739 2478 1799 2532 dis-

127 2563 171 2618 lta
184 2567 324 2635 quantum
338 2565 374 2619 ad
388 2566 578 2620 substantiam
592 2567 716 2638 inopere
730 2567 845 2621 laudato
857 2569 935 2636 libi,
987 2563 1077 2616 cossio
1090 2561 1262 2632 roqui1·itul·;
1280 2563 1383 2617 modus
1396 2567 1505 2629 aulem,
1522 2582 1579 2636 quo
1595 2565 1649 2618 Leo
1665 2565 1800 2621 decimus

129 2668 193 2724 cap.
210 2654 254 2719 42,
272 2670 352 2706 ιιιιιιι.
371 2656 396 2719 8,
414 2653 489 2708 idem
508 2654 678 2708 Benedictus
693 2656 755 2708 er.
988 2649 1016 2703 in
1030 2649 1222 2704 concedendis
1235 2649 1262 2703 S.
1278 2651 1404 2705 Brunoni
1416 2652 1543 2706 coelitum
1557 2653 1798 2724 honoribuspro·

165 2743 227 2795 772.
244 2743 274 2794 ln
300 2758 334 2795 eo
358 2741 453 2812 itaque
476 2743 654 2796 canonizatio
676 2759 725 2796 seu
743 2743 873 2798 formalis
887 2762 936 2799 seu
987 2738 1080 2804 cessit,
1098 2753 1221 2807 sequens
1234 2737 1310 2791 leit:
1334 2739 1404 2792 Cum
1421 2740 1466 2793 hic
1483 2740 1621 2810 pontifex,
1643 2740 1698 2805 cui,
1719 2744 1751 2795 ui
1768 2740 1798 2796 S.

127 2827 316 2899 aequipollens
331 2846 347 2882 a
362 2829 573 2884 beatificatione
591 2847 638 2883 sen
651 2831 765 2886 formali
781 2849 829 2885 seu
851 2832 938 2903 nsqui-
988 2825 1802 2898 Brunonenilestoannuooshcioqueecelesiasticohono

129 2916 249 2987 pollenti
266 2916 447 2985 potissimum
460 2917 565 2983 differt,
581 2918 657 2988 qued
680 2919 853 2974 beatificatio
872 2936 936 2990 per·
987 2914 1071 2967 randi
1088 2913 1345 2984 quotidianamque
1363 2915 1398 2969 de
1412 2931 1446 2969 eo
1471 2915 1500 2970 in
1528 2916 1659 2986 precibus
1674 2917 1801 2973 horariis

127 3002 294 3058 missionem
312 3004 459 3073 duntaxat,
473 3006 651 3060 canonizatio
662 3003 937 3079 cultusprae'ceptum
987 3003 1299 3057 commemorationem
1311 3003 1435 3056 faciendi
1450 3003 1618 3058 facultatem
1629 3004 1725 3058 ordini
1733 3005 1802 3060 Car-

128 3091 276 3164 importet,
293 3093 419 3165 itemque
434 3095 511 3165 quod
526 3095 553 3148 in
575 3095 785 3149 beatificatione
800 3096 891 3148 cultus
902 3093 937 3148 ad
987 3090 1126 3143 tbusiensi
1137 3090 1294 3144 concedere
1304 3091 1483 3161 dignaretur,
1496 3092 1605 3161 priores
1614 3091 1800 3147 Carthasiani

129 3180 256 3251 aliquam
274 3183 462 3254 provinciam,
479 3183 634 3247 dioeeesim,
653 3183 795 3236 civitatem
821 3182 936 3252 religio·
989 3177 1127 3248 deputati,
1145 3182 1173 3231 et
1188 3178 1328 3233 Antonius
1342 3179 1370 3233 S.
1389 3180 1420 3233 R.
1440 3180 1470 3232 E.
1483 3179 1635 3234 cardinalis
1651 3180 1801 3251 Papiensis

129 3284 226 3322 sumre
238 3267 380 3323 familiam
394 3271 590 3335 contrahatur,
618 3270 646 3323 in
667 3269 885 3323 canonizatione
901 3269 937 3322 ad
988 3266 1075 3320 totius
1094 3283 1160 3320 mox
1176 3266 1243 3320 dicti
1259 3266 1379 3331 ordinis,
1394 3267 1474 3337 eujus
1491 3271 1637 3337 protector
1656 3271 1728 3335 erat,
1745 3285 1800 3323 no·

130 3356 285 3410 Ecclesiam
302 3357 465 3410 universam
483 3358 662 3412 extendatur.
684 3359 747 3410 lam
769 3375 847 3422 vero,
872 3373 936 3410 cum
987 3353 1067 3407 mine
1091 3353 1300 3425 supplicabant,
1325 3377 1338 3401 «
1355 3354 1418 3423 jam
1437 3354 1547 3408 dudum
1562 3355 1596 3409 de
1620 3355 1802 3411 luudibusac

129 3444 192 3498 haee
204 3444 243 3497 ita
255 3444 391 3511 habeant,
402 3461 434 3498 ae
442 3446 567 3499 maxime
581 3445 698 3517 quidem
708 3445 809 3498 cumin
818 3445 861 3507 iis,
874 3462 936 3515 quae
987 3443 1137 3495 sanctitate
1152 3442 1282 3510 ejusdem
1298 3441 1373 3495 beati
1392 3442 1564 3497 contessoris
1575 3443 1701 3513 plurima
1714 3443 1801 3497 intel-

130 3530 168 3585 ad
182 3531 368 3603 beatum,qui
381 3534 575 3599 canonizatur,
588 3536 729 3605 spectant,
738 3533 938 3587 examinandis
987 3530 1108 3594 lenisset,
1126 3529 1280 3583 arbitratus
1304 3529 1425 3599 dignum
1442 3547 1502 3583 esse
1520 3548 1552 3583 ac
1568 3547 1730 3585 consonum
1753 3548 1802 3586 ra·

126 3617 270 3690 judicialis
281 3620 935 3676 ordoseulormaadcanonizationemlorma-
987 3617 1068 3684 ttoni,
1086 3620 1126 3681 ut,
1143 3635 1230 3688 quem
1245 3618 1358 3670 Deusiu
1374 3619 1428 3672 hoe
1445 3620 1546 3672 sreculo
1562 3620 1649 3672 tantis
1676 3618 1802 3673 doniset

140 3708 374 3778 emrequiratur,
392 3710 559 3763 Brunonem
586 3726 654 3763 sane
676 3709 728 3762 hae
748 3709 859 3763 Sanctis
879 3727 936 3764 non
987 3707 1086 3777 gratiis
1115 3706 1272 3776 insignivit,
1300 3710 1479 3777 assumptum
1509 3708 1537 3760 in
1563 3708 1640 3762 ecelis
1656 3708 1750 3778 magis
1767 3724 1800 3762 ae

129 3792 214 3848 fuisse
231 3813 247 3849 a
264 3797 358 3850 Leone
371 3797 558 3869 adscriptum,
572 3797 758 3850 manifestum
772 3801 825 3853 est,
840 3797 937 3867 Neque
988 3794 1079 3863 magis
1095 3794 1304 3860 venerandum,
1319 3799 1347 3848 ei
1365 3796 1407 3848 cui
1423 3795 1526 3848 virenti
1538 3795 1658 3849 dederat
1671 3811 1720 3850 eor
1734 3812 1798 3850 om-

129 3896 196 3936 vero
213 3881 241 3936 id
256 3883 407 3955 quisquam
424 3883 582 3939 contendit.
599 3883 680 3946 Quod
692 3888 788 3937 autem
803 3883 840 3936 ad
851 3899 937 3938 cano·
988 3881 1123 3954 nipotens
1139 3882 1176 3935 ad
1192 3886 1336 3952 precepta
1352 3886 1380 3936 et
1395 3884 1490 3953 legem
1501 3884 1565 3936 ιιῑιιι
1581 3886 1609 3936 et
1625 3883 1797 3954 disciplinas,

130 3969 306 4025 nizaiionem
322 3973 555 4043 aequipollentem
565 3973 699 4042 pertinet,
708 3974 937 4027 necliaeBruno·
988 3969 1082 4024 eidem
1098 3988 1173 4023 nunc
1189 3971 1265 4041 apud
1279 3972 1418 4025 thronum
1433 3971 1535 4024 divium
1552 3971 1651 4041 gloriae
1665 3971 1799 4026 existenti

130 4071 199 4112 nem
212 4059 317 4112 sanctis
329 4059 384 4112 Leo
395 4060 554 4130 adscripsit.
573 4060 652 4113 Hune
668 4061 747 4114 enini
760 4061 789 4114 in
807 4061 938 4115 universa
988 4059 1208 4128 impendaturin
1221 4061 1303 4113 terris
1310 4060 1413 4113 debitae
1426 4060 1584 4114 devotionis
1597 4060 1798 4132 obsequium»

131 4146 256 4201 Ecclesia
271 4163 324 4217 per
339 4147 465 4202 officium
478 4151 507 4200 et
520 4148 612 4202 missin
624 4149 848 4204 celebrationem
872 4151 936 4216 coli,
988 4148 1173 4218 postulationi
1190 4165 1291 4202 eorum
1307 4148 1506 4201 lubentissime
1524 4149 1680 4202 consensit.

130 4250 165 4290 eo
174 4235 273 4301 modo,
285 4253 371 4307 quem
381 4236 827 4309 canonizationisaequipollentis
837 4238 939 4292 deseri-
1024 4238 1086 4290 iri.
1100 4237 1141 4289 lta
1154 4253 1239 4306 supra
1248 4237 1312 4305 J'am
1329 4237 1403 4290 datan
1416 4239 1559 4290 numidii
1573 4240 1601 4289 et
1613 4253 1692 4308 seqq.
1709 4239 1799 4293 huto·

130 4324 202 4396 pito,
215 4340 295 4377 uum.
308 4324 430 4396 praeced.
441 4324 525 4380 data.
538 4325 667 4391 includit,
680 4343 939 4397 nunquamproece·
953 4309 976 4365 l)
989 4324 1028 4377 nii
1045 4323 1198 4377 cardinalis
1219 4323 1331 4377 litteras.
1355 4325 1411 4377 Nee
1434 4325 1469 4378 ab
1489 4324 1565 4377 hisce
1587 4342 1620 4377 ea
1637 4324 1664 4378 in
1685 4341 1717 4379 re
1732 4326 1798 4380 Blo-

130 4411 182 4484 pit.
197 4412 297 4484 Liquet
314 4413 343 4467 id
359 4432 393 4468 ex
413 4432 457 4481 eo,
472 4415 559 4486 quod,
576 4416 824 4486 quemadmodum
840 4416 867 4469 in
881 4417 937 4487 Ap·
989 4429 1162 4478 menvenna,
1180 4412 1224 4465 cni
1240 4413 1327 4466 ctiam
1345 4413 1373 4465 in
1387 4412 1801 4468 substantiaSuriusadamus·

130 4498 252 4572 pendiee
269 4500 305 4555 ad
320 4502 445 4573 gloriam
468 4502 565 4557 Saneii
593 4505 776 4575 posthumam
798 4504 937 4575 probabo,
989 4502 1044 4556 sim
1060 4504 1208 4567 consonat,
1223 4502 1474 4555 multumabludit.
1485 4502 1593 4571 Enejus
1604 4502 1799 4572 huespectan-

133 4604 212 4643 anno
229 4592 296 4647 tora
313 4608 330 4644 a
344 4591 482 4663 Gregorio
495 4593 538 4645 XV
551 4597 674 4664 papa‚ut
690 4615 703 4641 «
721 4592 863 4647 iestumS.
874 4594 940 4646 Bru·
990 4588 1312 4645 lieverbaSichabent:
1322 4613 1334 4637 «ι
1347 4589 1548 4643 sanctissimus
1560 4589 1802 4644 dominusnoster

131 4677 252 4731 nonis...
268 4678 313 4733 die
327 4682 406 4733 sexta
420 4678 584 4735 Octobris...
600 4681 628 4734 iu
643 4681 744 4735 Missali
760 4680 938 4735 etBreviario
990 4679 1140 4751 (nimirum
1158 4678 1212 4731 Leo
1225 4678 1352 4732 decimus
1366 4678 1451 4750 papa)
1467 4694 1533 4732 euni
1547 4679 1706 4732 muliorum
1723 4679 1799 4733 rela-

131 4763 263 4821 Romano
288 4767 400 4837 reponi,
427 4767 615 4841 officiumque
638 4769 673 4823 de
704 4785 738 4824 eo
761 4769 940 4839 semiduplex
989 4765 1802 4837 tionedeerimiasanctitatebcatiBrunonislrequenter

131 4853 307 4925 (verbasunt
323 4857 418 4923 bullae,
439 4875 456 4912 a
471 4856 609 4928 Gregorio
629 4857 681 4911 hae
697 4857 732 4911 de
747 4874 777 4911 re
795 4858 878 4924 daia,
896 4858 939 4912 in·
990 4855 1124 4922 audisset,
1140 4855 1303 4924 posthabita
1315 4854 1522 4908 miraculorum
1538 4854 1736 4925 inquisitione,
1758 4855 1802 4909 in·

129 4942 232 5014 iraque
247 4945 413 5015 recitanda)
427 4946 463 5000 ab
479 4945 614 5000 omnibus
629 4945 734 5015 ubique
751 4946 883 5000 fidelibus
897 4963 940 5001 re·
990 4943 1110 5014 dignum
1126 4941 1280 4996 arbitratus
1295 4946 1346 5008 est,
1366 4959 1443 5010 eum,
1467 4960 1555 5015 quem
1576 4945 1649 4997 licus
1671 4943 1761 4996 tantis
1774 4943 1805 4997 in

132 5026 211 5084 citari
238 5031 328 5087 libere
346 5037 375 5086 et
394 5032 470 5087 licite
486 5034 582 5102 posset
603 5033 768 5098 acceleret,
787 5054 799 5080 ιι
823 5032 940 5087 Cartha·
989 5031 1806 5103 hoesecculoornassetdeirisetgratiis,nuncassumptum

133 5116 220 5173 sienis
248 5120 484 5191 supplicantibus,
501 5136 670 5174 concessum
694 5119 812 5173 demum
827 5121 914 5174 luerit
931 5138 938 5186 ;
990 5117 1020 5171 in
1035 5118 1111 5172 coelis
1129 5117 1261 5171 maximis
1275 5135 1333 5172 non
1350 5119 1445 5173 elicrri
1465 5120 1626 5190 preconiis,
1643 5121 1671 5171 et
1692 5118 1737 5170 eui
1754 5118 1805 5171 de-

133 5205 210 5260 unde
233 5207 427 5278 consequitur,
443 5210 474 5260 ui
489 5208 649 5272 enimvero,
673 5207 811 5261 Sanctum
831 5208 860 5260 in
877 5207 939 5261 uni·
991 5207 1077 5261 disset
1090 5206 1340 5276 omnipotens-cor
1356 5208 1392 5262 ad
1410 5211 1586 5280 praeceptum
1599 5205 1807 5277 ellegemvitre

132 5309 213 5349 versa
226 5296 406 5366 Ecclesiaper
419 5296 546 5350 osticium
563 5299 591 5350 ei
608 5296 701 5350 missua
718 5296 940 5349 celebrationem
992 5297 1019 5347 et
1033 5294 1199 5364 disciplinae,
1218 5294 1313 5346 eidem
1336 5311 1422 5359 nunc,
1440 5294 1516 5365 apud
1541 5294 1677 5346 thronum
1701 5290 1807 5346 divium

133 5382 198 5448 coli,
215 5399 249 5437 eo
266 5383 364 5450 modo,
382 5400 468 5455 quem
484 5384 710 5439 canonizationis
731 5383 942 5454 aequipollentis
992 5383 1090 5455 glorier
1100 5383 1267 5454 quiescenti,
1280 5383 1385 5437 debitre
1395 5383 1555 5437 devotionis
1564 5382 1808 5453 obsequiumnon

134 5466 297 5539 descriptio,
308 5488 378 5526 num
391 5472 515 5544 proeeed.
529 5472 605 5538 daia,
625 5473 751 5537 involvit,
766 5473 820 5526 Leo
835 5473 854 5525 x
868 5489 943 5544 papa
992 5471 1160 5543 impendiin
1172 5471 1309 5525 terris.Et
1324 5475 1478 5543 propterea
1490 5488 1547 5525 non
1560 5470 1647 5524 modo
1661 5485 1808 5541 generose

130 5554 197 5629 jam
210 5560 295 5616 antea
304 5559 383 5614 haud
395 5559 586 5631 precepisset.
603 5562 696 5633 Atque
709 5560 787 5630 hine,
801 5560 942 5634 simulque
994 5560 1164 5617 auctoritate
1175 5561 1332 5632 apostoliea
1346 5561 1566 5629 annuit,rerum
1576 5559 1765 5616 etiamsoluit
1774 5561 1827 5615 ut·
