3772 5976
91 281 144 338 isa

881 266 972 329 ACTA

1707 281 1756 339 itt

88 405 156 477 jam
172 403 249 461 dicta
263 400 465 474 ascripturum
478 395 664 474 antiquorum
680 400 939 468 silentiuseuexl
951 401 999 456 ubi
1008 399 1179 475 religionem
1191 403 1260 473 voti,
1277 421 1333 476 quo
1346 405 1440 460 ano
1454 408 1483 460 et
1495 407 1661 480 ltadulphus
1674 411 1755 463 tene·

89 493 273 566 argumentis
292 492 441 564 negativis,
458 508 474 546 e
487 491 602 546 silentio
616 491 671 545 hoc
683 489 825 556 formatis,
835 506 900 560 pos-

91 584 129 637 sit
143 582 246 639 confici
264 584 366 638 contra
382 580 552 646 Parisiense,
578 595 635 652 quo
667 580 761 633 hruno
790 577 819 632 in
841 593 902 633 cre·

93 688 177 726 mum
194 672 292 742 pulsus
305 668 404 737 suerit,
423 668 549 723 doctoris
564 667 705 740 tantisper
727 667 843 722 redivivi
858 682 901 721 se-

90 777 149 832 que
164 760 348 826 damnatum,
369 757 483 830 publice
497 774 595 812 coram
619 755 732 810 infinita
746 772 902 828 propemo-

93 849 168 905 dum
179 848 279 920 populi
293 846 479 902 multitudine
495 850 562 900 tunc
575 844 721 903 vociferati
737 844 901 916 prodigium

89 936 238 993 nuncius
253 937 283 990 iu
296 953 348 991 sua
360 936 396 991 de
410 951 570 991 veracausa
582 950 708 988 secessus
723 934 751 988 S.
761 931 903 987 Brunonis

90 1027 123 1081 iu
143 1041 280 1081 eremum
306 1024 513 1080 Dissertatione
527 1023 557 1077 iu
578 1022 708 1078 medium
727 1021 901 1078 adducitau-

95 1118 193 1170 ctores
208 1112 312 1185 viginti
329 1129 434 1168 novom
458 1111 601 1183 antiquos,
618 1128 699 1184 quos,
725 1127 789 1166 cum
803 1109 902 1181 prodi·

95 1203 138 1274 gii
155 1201 325 1257 Parisieusis
340 1217 399 1257 non
410 1199 609 1267 meminerint,
626 1200 860 1259 commentitium
872 1197 903 1253 id

10 1279 13 1286 ’
93 1307 157 1346 esse
168 1307 220 1346 suo
239 1289 355 1345 silentio
371 1289 469 1344 testari
481 1289 640 1345 contendit.
657 1289 765 1342 Horum
781 1288 828 1342 alii
836 1305 902 1343 san·

96 1383 145 1434 cto
161 1380 287 1450 aquales
299 1381 350 1433 aut
359 1377 411 1433 sub
424 1379 549 1449 aequales
557 1377 684 1444 luerunt,
700 1376 749 1431 alii
763 1393 821 1432 uno
831 1378 902 1431 alte-

94 1483 166 1522 rove
180 1466 294 1522 circiter
304 1467 409 1522 saeculo
421 1470 486 1537 post
498 1482 565 1522 eum
581 1465 902 1534 floruerunt,omnium·

951 491 1069 558 bantur,
1084 509 1150 546 cum
1166 493 1204 547 illi
1220 494 1351 549 horribili
1367 497 1539 565 spectaculo,
1552 495 1629 567 quod
1644 497 1754 551 Bruno-

952 596 1018 633 ncm
1028 579 1057 634 iu
1071 597 1203 636 cremum
1217 582 1308 653 egisse
1324 583 1417 650 docet,
1432 599 1610 655 componens
1618 583 1756 638 horribile

951 670 1145 738 spectaculum
1160 687 1212 740 pro
1238 670 1349 725 fortiori
1376 671 1565 727 incitamento
1594 671 1681 726 ducit.
1699 671 1756 726 lloe

952 759 1050 811 autem
1065 757 1177 813 fortiori
1194 759 1413 814 incitamentosi
1425 777 1496 831 opus
1504 760 1558 815 luit
1567 759 1757 826 Brunoni,eur

952 863 1022 913 non,
1035 863 1141 918 quaeso,
1159 848 1320 920 liudulpho,
1343 850 1391 920 qui
1415 850 1624 904 exsolutionem
1644 848 1702 903 voti
1718 846 1758 902 sic

952 934 1071 1002 distulit,
1088 939 1117 990 ut
1132 953 1291 1008 uunquam,
1308 938 1386 1009 quod
1408 937 1506 1005 sciam,
1523 935 1759 1010 impleveritiht

951 1024 1112 1103 sapientem
1128 1025 1221 1079 virum
1237 1025 1265 1079 in
1282 1025 1413 1096 epistola,
1430 1027 1477 1081 ubi
1493 1027 1641 1082 machinas
1655 1040 1759 1081 omnes

952 1112 1070 1167 adhibet
1084 1113 1120 1167 ad
1136 1114 1312 1169 movendum
1326 1114 1518 1186 hadulphum,
1536 1113 1757 1186 praeterisse,vel

952 1217 1011 1256 non
1036 1201 1139 1272 saepius
1163 1218 1351 1274 exaggerasse
1374 1204 1525 1275 quaesitum
1551 1202 1756 1274 suppliciume

951 1290 1123 1360 spectaculo,
1140 1290 1218 1361 quod
1233 1291 1263 1345 iu
1279 1294 1416 1362 promptu
1439 1293 1565 1364 positum
1581 1294 1652 1358 erat,
1669 1291 1692 1345 si
1712 1294 1756 1346 ta-

951 1395 1020 1434 men
1034 1395 1163 1451 unquam
1177 1380 1303 1452 positum
1316 1381 1380 1447 luit,
1392 1380 1422 1434 id
1437 1397 1504 1436 vero
1517 1381 1627 1451 justam
1642 1379 1672 1434 in
1686 1380 1756 1434 Bru·

951 1485 1039 1534 noue,
1056 1471 1087 1522 ut
1102 1468 1215 1539 opinor,
1231 1468 1455 1524 admirationem
1474 1469 1605 1524 haberet.
1620 1467 1691 1524 Cum
1702 1466 1757 1539 igi·

92 1572 150 1627 que
168 1555 287 1610 ultimus
295 1554 421 1611 loannes
436 1554 472 1609 de
484 1554 589 1610 Sancto
600 1554 712 1609 Victore
735 1571 812 1609 anno
834 1556 902 1609 1322
952 1557 1082 1612 turinter
1097 1560 1248 1612 momenta
1260 1557 1528 1629 rationum,quibus
1543 1558 1637 1612 Bruno
1652 1554 1758 1610 hadul-

94 1643 242 1700 scrihendi
255 1642 540 1699 finemsecit.Vcrum
551 1643 901 1710 uallaratione,curnon·
951 1645 1042 1716 phum
1055 1649 1204 1716 permovet
1218 1645 1254 1700 ad
1261 1646 1436 1701 reddentum
1454 1649 1564 1714 votum,
1579 1636 1678 1700 omisit
1689 1644 1757 1698 hor-

96 1733 210 1788 uulliex
224 1733 269 1788 his
279 1732 444 1805 prodigium
460 1731 531 1786 illud
541 1731 683 1797 siluerint,
700 1731 807 1786 mirum
827 1730 900 1785 acci·
914 1722 1034 1789 Bribile
1074 1735 1286 1806 spectaculum,
1326 1750 1383 1806 quo
1415 1733 1538 1806 scriptor
1573 1731 1759 1788 didascalicus

100 1821 155 1890 dit,
168 1821 284 1894 vimque
299 1820 423 1892 proinde
441 1824 490 1875 aut
509 1821 631 1887 nullam,
655 1822 704 1875 aut
719 1837 788 1875 sane
803 1820 904 1874 admo·
953 1820 1117 1894 (Saussmius
1130 1839 1247 1895 nempe,
1263 1823 1354 1877 itahic
1366 1821 1561 1877 adidascalica
1574 1809 1759 1892 suaEpistola

95 1910 168 1966 dum
181 1909 316 1982 exiguam
327 1908 487 1966 formatum
497 1925 531 1963 ex
546 1925 648 1965 eornm
661 1909 774 1965 silentio
788 1907 901 1980 negati·
952 1927 1019 1965 mox
1047 1914 1209 1965 memorata
1233 1909 1402 1982 appellatus)
1430 1927 1459 1964 se
1480 1925 1600 1982 apuero
1624 1906 1759 1963 imbitum

97 2015 167 2055 vum
183 2001 388 2071 argumentum
403 1996 525 2054 obtinet.
542 1997 636 2062 Quare
652 1997 828 2055 nominatim
855 2013 904 2052 au·
951 1998 1113 2072 profitetur,
1134 1997 1163 2051 id
1176 1997 1283 2065 omisit,
1300 1997 1379 2071 quod
1393 1997 1488 2052 dicere
1512 2013 1571 2051 non
1593 1994 1697 2068 potuit.
1714 1993 1761 2050 Di·

92 2090 206 2142 ctorem
226 2087 355 2154 illorum,
370 2103 431 2142 non
456 2086 598 2155 omnium,
616 2087 666 2143 sed
688 2086 902 2161 praecipuorum
951 2103 1016 2143 cere
1030 2088 1127 2141 autem
1144 2103 1202 2142 non
1215 2085 1456 2158 potuitquodsibi
1473 2101 1533 2140 uon
1545 2083 1656 2151 accidit,
1671 2080 1761 2156 quod·

95 2175 238 2231 duntaxat
266 2192 299 2231 ac
321 2176 448 2231 maxime
475 2192 588 2244 eorum,
621 2176 670 2248 qui
686 2176 864 2248 prodigium,
879 2174 901 2229 si
952 2192 1007 2249 que
1033 2176 1120 2246 longo
1147 2177 1212 2246 post
1235 2192 1265 2229 se
1292 2178 1424 2246 tempore
1452 2175 1598 2228 invectum
1626 2167 1760 2228 nonnulli

90 2264 204 2333 luisset,
233 2265 494 2320 commemoratum
527 2264 729 2320 verosimiliter
770 2264 901 2330 luissent,
953 2263 1210 2319 Carthusionorum
1225 2262 1369 2335 originem
1384 2263 1525 2318 lecerunt.
1541 2283 1555 2312 n

92 2369 225 2425 quosque
235 2353 358 2425 proinde
374 2354 470 2409 iduon
485 2353 596 2421 iecisse,
611 2353 717 2408 mirum
734 2355 828 2424 potest
842 2369 901 2407 non
988 2354 1050 2407 261.
1070 2353 1211 2407 Hactenus
1235 2352 1397 2420 Launoius;
1419 2352 1485 2407 audi
1501 2350 1600 2418 modo,
1628 2348 1699 2422 quid
1722 2347 1760 2405 ad

91 2441 229 2498 immeito
243 2441 344 2508 videri,
361 2441 509 2496 silentium
526 2442 606 2496 lubet
616 2441 769 2510 discutere,
782 2458 815 2496 ac
833 2439 902 2513 quid
951 2441 1007 2496 hoc
1022 2441 1082 2512 ejus
1111 2445 1212 2496 contra
1228 2440 1425 2513 prodigiosam
1442 2439 1567 2496 doctoris
1594 2437 1761 2494 parisiensis

92 2546 217 2602 quaque
231 2546 265 2585 ex
280 2530 335 2585 hoc
350 2529 474 2584 adducta
495 2529 654 2585 aLaunoio
667 2534 840 2602 argumenta
854 2545 904 2583 ne·
952 2529 1108 2586 anastasim
1136 2534 1344 2602 argumentum
1370 2529 1547 2601 respoudeat
1575 2527 1760 2582 Certusianus

91 2618 191 2691 gativa
203 2618 330 2687 valeant,
344 2618 517 2690 ponderare.
535 2618 653 2674 initium
672 2619 772 2674 ducoa
786 2616 901 2674 silentio
952 2636 1125 2692 anonymus,
1142 2619 1298 2674 Annalium
1319 2619 1433 2674 Ordinis
1447 2618 1490 2673 sui
1505 2617 1571 2672 libri
1585 2613 1681 2688 quarti
1691 2616 1758 2670 hac·

89 2700 245 2779 ipsiusmet
260 2704 289 2761 S.
304 2706 456 2774 Brunonis,
482 2706 527 2761 cui
542 2710 555 2776 §
572 2707 707 2778 praeseuti
723 2707 794 2763 duos
809 2707 902 2762 adhuc
952 2711 1036 2763 tenus
1046 2725 1105 2763 non
1118 2708 1224 2779 vulgati
1240 2709 1349 2764 auctor.
1364 2706 1554 2771 «Quorsum.
1572 2704 1760 2778 (inquitlucu

90 2795 175 2863 alios,
190 2795 325 2850 videlicet
338 2794 649 2869 Guigonem,quiutum
663 2794 902 2868 Carthusiaeprio·
952 2798 1093 2855 brationis
1118 2813 1175 2853 suae
1196 2815 1277 2853 uum.
1295 2797 1339 2868 90)
1356 2795 1441 2866 hujus
1465 2795 1576 2850 mentio
1592 2789 1759 2865 spectaculi,

89 2899 166 2950 rem,
180 2886 210 2938 et
223 2882 391 2938 huibertum
408 2882 444 2938 de
458 2883 628 2955 Novigento,
645 2884 810 2956 prodigium
825 2883 902 2956 pari·
952 2887 1030 2961 quod
1044 2886 1227 2958 hadulphum
1238 2902 1297 2940 non
1314 2885 1472 2957 spectabat,
1486 2883 1593 2956 quippe
1605 2882 1759 2954 quivotum

89 2973 137 3026 ter
149 2970 279 3038 silentes,
290 2970 459 3044 adjungam.
478 2970 598 3027 Sanctus
610 2973 708 3044 itaque
724 2972 753 3028 in
770 2973 901 3044 epistola,
916 2992 1035 3072 Csuum
1052 2975 1101 3030 diu
1115 2975 1213 3030 forsan
1233 2978 1300 3030 ante
1317 2972 1475 3028 emiserat?
1491 2971 1620 3042 Cumque
1641 2969 1711 3025 illud
1725 2984 1760 3024 ex

90 3060 247 3130 suprejam
258 3059 366 3131 pluries
378 3060 690 3133 laudatainlraquchic
702 3061 816 3134 integra
830 3061 902 3116 reci·
953 3064 1102 3119 chronicis
1118 3063 1232 3119 Ordinis
1246 3061 1465 3135 (Carthusiensis
1482 3059 1630 3129 nimirum)
1648 3057 1760 3112 dicatur

91 3147 193 3215 moda,
210 3164 297 3220 quam
315 3147 352 3203 ad
368 3148 550 3220 hadulphum
558 3149 696 3217 Viridem‚
713 3166 769 3221 quo
782 3149 904 3205 huucad
953 3151 1067 3207 Parisiis
1077 3152 1212 3206 accidisse
1227 3167 1304 3206 anno
1323 3153 1401 3218 1082,
1418 3165 1474 3221 quo
1488 3147 1606 3220 quidem
1627 3149 1761 3216 tempore

91 3235 233 3291 emissum
245 3236 408 3292 monachici
428 3237 542 3292 habitus
559 3238 732 3309 suscipiendi
743 3238 903 3293 votumim-
953 3240 1048 3296 clerici
1061 3242 1226 3306 hemenses,
1243 3256 1260 3294 a
1272 3240 1398 3296 blanasse
1412 3237 1482 3293 olim
1495 3234 1616 3307 expulsi,
1626 3233 1663 3289 ad
1673 3232 1761 3287 eccle·

91 3324 235 3396 piendum
251 3325 399 3392 excitaret,
433 3326 612 3398 conscripsit,
633 3327 745 3382 nullam
760 3327 845 3399 plane
868 3326 904 3382 de
953 3328 1026 3384 siam
1041 3345 1123 3383 suam
1135 3329 1197 3401 jam
1215 3328 1372 3394 redierant,
1399 3326 1462 3381 lieri
1487 3327 1592 3404 potest,
1622 3321 1701 3395 quod
1715 3320 1759 3377 vel

90 3411 239 3468 horrendo
255 3413 380 3470 doctoris
392 3412 522 3469 damnati
536 3416 767 3487 spectaculo,quo
782 3415 904 3484 viso‚v0·
953 3418 1034 3486 illud,
1049 3418 1072 3472 si
1090 3417 1118 3472 in
1135 3418 1200 3472 aula
1227 3417 1304 3472 inter
1328 3415 1436 3472 amicos
1460 3431 1506 3470 res
1525 3416 1589 3469 acta
1600 3411 1663 3478 luit,
1679 3413 1711 3466 ut
1726 3425 1761 3465 ex

91 3503 155 3557 tium
165 3501 227 3574 ipse
243 3501 406 3574 impleverit
418 3505 505 3576 atque
517 3503 547 3558 in
563 3519 695 3559 eremum
712 3520 774 3559 sese
787 3519 903 3575 recepe·
953 3507 1055 3562 iisdem
1066 3506 1215 3562 Chronicis
1227 3504 1423 3577 colligendum
1438 3507 1490 3570 est,
1514 3500 1691 3575 ignoraverit
1706 3499 1760 3554 ha·

91 3590 140 3657 rit,
155 3589 340 3646 mentionem
369 3590 448 3658 lacit,
464 3591 513 3647 nbi
531 3595 629 3647 tamen
650 3593 706 3648 hoc
720 3593 758 3647 ad
773 3609 903 3648 commo·
954 3596 1086 3669 dulphus,
1102 3597 1146 3650 vel
1161 3594 1297 3650 saltemei
1306 3611 1366 3649 non
1378 3590 1616 3648 interfuerit.Sed
1625 3588 1678 3644 etsi
1688 3604 1757 3644 con·

92 3678 221 3734 sendum
243 3678 386 3753 hadulphi
411 3680 448 3735 ad
463 3680 521 3736 voti
536 3681 746 3737 exsolutionem
772 3680 904 3737 animum
953 3683 1121 3738 cederemus
1137 3700 1204 3739 eum
1219 3686 1287 3738 tunc
1302 3683 1388 3737 luisse
1410 3684 1594 3755 praesentem,
1616 3695 1675 3734 non
1690 3675 1759 3732 inde

92 3769 344 3840 peropportunum
356 3767 465 3824 fuisset.
954 3775 1122 3845 sequeretur
1137 3773 1301 3827 Brunouem
1317 3771 1410 3826 amico
1434 3769 1565 3825 debuisse
1581 3768 1676 3841 potius
1688 3781 1756 3839 pro·

129 3856 425 3928 hwilincibauuoius
436 3858 773 3931 insnaproximeitarum
788 3859 904 3916 laudata
954 3860 1035 3934 digii,
1050 3877 1137 3933 quam
1161 3861 1219 3917 voti
1234 3860 1330 3914 emissi
1347 3859 1520 3913 memoriam
1541 3857 1687 3912 refricare.
1704 3840 1778 3910 Pal

95 3943 207 4000 devera
217 3962 302 4001 cama
311 3946 653 4004 secessusS.Brunonisin
662 3949 902 4006 eremumltisser·
953 3950 1042 4005 ratius
1053 3948 1131 4004 enim
1146 3952 1209 4004 erat
1223 3948 1261 4003 ad
1270 3946 1473 4020 configendam
1487 3944 1629 4018 hadulphi
1645 3944 1760 3999 cuncta-

95 4033 277 4107 tationecap.
292 4035 352 4091 lita
361 4036 470 4108 arguit:
484 4037 673 4108 «hadulphus
683 4039 905 4112 indignitacrio·
952 4038 1064 4094 tionem
1079 4039 1105 4093 ei
1121 4043 1284 4112 opportune
1304 4042 1333 4093 et
1358 4036 1526 4107 importune
1547 4034 1691 4089 inculcare
1705 4047 1757 4089 vo·

96 4122 431 4198 ribusstimulis,quibus
448 4125 569 4181 adsui...
584 4127 750 4200 (quodcum
768 4130 903 4185 Brunone
952 4133 1090 4201 tum,quo
1102 4129 1256 4183 tenebatur
1268 4126 1409 4194 astrictus,
1419 4125 1456 4180 ad
1471 4120 1760 4198 quodexsolveudum

96 4211 316 4270 demonachico
328 4214 429 4270 habitu
444 4214 625 4284 suscipiendo
649 4215 679 4271 in
692 4216 845 4274 collatione
856 4235 901 4274 su·
952 4218 1004 4273 sub
1029 4234 1116 4290 prena
1134 4216 1245 4290 pcccati
1262 4215 1393 4272 mortalis
1411 4214 1594 4287 obligabatur
1617 4227 1651 4268 ex
1678 4210 1760 4283 cujus

97 4317 151 4374 pra
165 4306 332 4359 memorata
347 4302 493 4374 emiserat)
517 4302 573 4358 voti
587 4305 796 4361 exsolutionem
809 4301 1066 4365 conci-Ddeiectu
1092 4305 1311 4362 damnationem
1331 4307 1394 4360 erat
1418 4305 1583 4360 incursurus
1605 4303 1758 4367 aternam,

97 4393 218 4447 taxetur.
235 4391 356 4448 Undefit
371 4393 403 4446 nt
414 4393 570 4447 Brunohac
584 4409 613 4447 vn
629 4394 760 4464 epistola,
771 4396 843 4450 sicut
856 4412 904 4452 vo·
953 4412 1040 4468 quam
1052 4395 1123 4450 alias
1139 4411 1198 4450 uon
1214 4398 1277 4450 erat
1299 4394 1474 4461 incursurus,
1489 4392 1541 4447 etsi
1557 4406 1617 4445 non
1633 4387 1758 4455 audiret,

97 4483 160 4536 tum
167 4480 310 4536 reddenti
326 4481 459 4552 gloriam,
482 4480 522 4536 ita
534 4498 594 4537 uon
608 4482 742 4540 reddenti
761 4487 902 4542 aeternam
952 4501 1006 4540 nec
1021 4485 1183 4554 obaudiret,
1200 4485 1372 4557 praedictum
1391 4482 1595 4556 spectaculum.
1612 4478 1705 4543 Quam
1720 4475 1759 4533 ob

96 4585 215 4640 paenam
224 4569 374 4641 hadulpho
387 4573 546 4644 proponat:
563 4571 611 4626 ubi
625 4575 702 4627 certe
712 4573 792 4629 locus
804 4573 901 4630 luitilli
952 4590 1015 4629 rem
1031 4573 1291 4647 nihilsrequcutius
1307 4573 1333 4627 ei
1354 4574 1470 4627 sanctus
1485 4571 1580 4625 Bruno
1595 4567 1704 4640 ingerit
1726 4565 1758 4621 in

95 4658 259 4730 spectaculo
272 4658 416 4727 horribili,
432 4656 456 4713 si
472 4659 551 4731 quod
560 4659 675 4715 Parisiis
689 4664 785 4716 actum
798 4663 904 4720 Bruno·
953 4679 1004 4718 sua
1018 4663 1152 4735 Epistola,
1163 4678 1251 4736 quam
1261 4661 1470 4734 obligationem
1480 4662 1580 4715 votum
1596 4653 1760 4714 exsolvendi

96 4763 167 4801 nem
182 4746 220 4801 ad
234 4746 416 4818 implendum
430 4749 529 4802 votum
545 4754 631 4804 antea
645 4749 815 4822 impulisset.
830 4751 904 4816 Quid
954 4755 983 4808 et
996 4768 1105 4823 poenas,
1136 4769 1208 4826 quas
1224 4752 1298 4808 Deus
1311 4751 1454 4823 promissa
1478 4749 1532 4806 sibi
1557 4765 1616 4804 non
1631 4741 1762 4802 iacienti-

96 4834 177 4891 enim
191 4839 255 4893 erat
270 4836 308 4893 ad
318 4835 523 4908 configendam
531 4837 681 4911 hadulphi
688 4840 904 4896 cunctationem
953 4840 1006 4896 bus
1016 4840 1179 4896 minatur.»
1192 4841 1324 4914 pugile,
1335 4838 1482 4913 proposito
1499 4855 1515 4893 a
1530 4835 1658 4893 launoio
1674 4850 1760 4906 argu·

96 4924 234 4995 paratius,
250 4941 339 4997 quam
362 4924 388 4980 ei
403 4929 433 4980 et
447 4928 609 4998 opportune
624 4929 653 4981 et
672 4925 838 5000 importune
858 4931 903 4985 in·
953 4933 1053 4985 mento
1065 4929 1136 4985 nihil
1152 4928 1274 4986 omniuo
1298 4933 1401 4986 contra
1420 4926 1545 4984 doctoris
1568 4921 1699 4981 damnati
1718 4920 1762 4977 ni-

95 5013 211 5070 culccre
231 5012 261 5068 id
283 5012 437 5086 spectaculi
467 5030 569 5085 genus,
596 5031 653 5087 quo
680 5015 742 5088 ipsa
763 5017 904 5073 Brunonis
952 5019 1072 5074 storiam
1101 5018 1203 5088 evinci,
1231 5017 1337 5074 idcirco
1362 5017 1546 5091 potissimum
1567 5011 1758 5079 contendens,

96 5103 253 5172 cunctatio,
265 5104 288 5160 si
299 5102 432 5176 Epistola
440 5101 617 5158 didascalica
633 5103 662 5176 (a
677 5104 815 5162 Sausseeio
829 5105 903 5161 scili·
953 5108 1031 5179 quod
1044 5111 1159 5164 sanctus
1173 5107 1203 5162 in
1219 5124 1271 5163 sua
1296 5107 1333 5163 ad
1359 5105 1544 5176 hadulphum
1559 5101 1685 5174 Epistola
1699 5097 1758 5156 voti

95 5191 194 5247 cetad
221 5192 408 5248 Bartholdum
428 5191 578 5247 Nihusium
606 5192 729 5264 scriptia,
756 5211 901 5268 anonque,
953 5196 1057 5268 potius,
1072 5213 1122 5252 seu
1135 5195 1329 5267 obligationis,
1341 5195 1407 5250 huic
1419 5209 1549 5261 annexae,
1561 5207 1650 5266 quam
1661 5187 1759 5244 feralis

96 5279 124 5334 ui
138 5295 227 5352 supra
249 5280 342 5349 docui,
359 5281 426 5336 1615
454 5281 530 5352 typis
545 5279 757 5337 Coloniensicus
781 5284 901 5357 excusae)
953 5285 1083 5340 damuati
1098 5284 1235 5352 historia,
1252 5287 1351 5356 utpote
1365 5299 1430 5356 quaa
1440 5281 1645 5354 minus,quam
1659 5275 1760 5347 illa,ad
1790 5275 1796 5286 ’

94 5369 251 5438 aeduus,
271 5369 382 5425 devicta
408 5368 475 5424 est?
488 5369 586 5441 Neque
601 5369 657 5424 hoc
682 5371 784 5439 telum,
802 5389 859 5445 quo
871 5388 901 5428 se
951 5374 1009 5429 voti
1024 5374 1233 5431 exsolutionem
1245 5390 1262 5429 a
1275 5371 1425 5443 hadulpho
1439 5368 1669 5444 extorquendam
1684 5368 1759 5424 esset

93 5456 262 5531 imperium
270 5456 550 5530 iriprseviditauctor
560 5456 830 5529 didascalicus,satis
839 5461 901 5517 ido·
952 5466 1030 5536 apta,
1044 5462 1211 5520 meminisse
1226 5460 1367 5517 debuerit.

91 5545 314 5619 saudemont.
326 5545 663 5620 incarnacionem
677 5549 901 5624 steuchus,
987 5554 1050 5611 262.
1067 5550 1259 5624 verum-eat
1275 5549 1308 5610 id
1318 5549 1362 5610 ita
1381 5549 1432 5622 sit,
1445 5552 1558 5609 certum
1578 5547 1758 5625 quidemst
