<?xml version="1.0" encoding="UTF-8"?>
<!DOCTYPE html PUBLIC "-//W3C//DTD XHTML 1.0 Transitional//EN"
    "http://www.w3.org/TR/xhtml1/DTD/xhtml1-transitional.dtd">
<html xmlns="http://www.w3.org/1999/xhtml" xml:lang="en" lang="en">
 <head>
  <title>
</title>
<meta http-equiv="Content-Type" content="text/html;charset=utf-8" />
  <meta name='ocr-system' content='tesseract 3.04.00' />
  <meta name='ocr-capabilities' content='ocr_page ocr_carea ocr_par ocr_line ocrx_word'/>
</head>
<body>
  <div class='ocr_page' id='page_1' title='image "./patrologiaecurs30unkngoog_0420.png"; bbox 0 0 3772 5976; ppageno 0'>
   <div class='ocr_carea' id='block_1_1' title="bbox 81 272 1741 372">
    <p class='ocr_par' dir='ltr' id='par_1_1' title="bbox 81 272 1741 372">
     <span class='ocr_line' id='line_1_1' title="bbox 81 272 1741 372; baseline 0.005 -9"><span class='ocrx_word' id='word_1_1' title='bbox 81 300 134 364; x_wconf 78' lang='lat' dir='ltr'>&#39;sao</span> <span class='ocrx_word' id='word_1_2' title='bbox 574 272 752 365; x_wconf 74' lang='lat' dir='ltr'>aurosum</span> <span class='ocrx_word' id='word_1_3' title='bbox 771 301 806 362; x_wconf 89' lang='lat' dir='ltr'>m</span> <span class='ocrx_word' id='word_1_4' title='bbox 826 296 994 365; x_wconf 75' lang='lat' dir='ltr'>assinos</span> <span class='ocrx_word' id='word_1_5' title='bbox 1010 338 1044 349; x_wconf 91' lang='lat'><em>-</em></span> <span class='ocrx_word' id='word_1_6' title='bbox 1059 293 1155 365; x_wconf 80' lang='lat' dir='ltr'>osu..</span> <span class='ocrx_word' id='word_1_7' title='bbox 1176 294 1255 366; x_wconf 78' lang='grc' dir='ltr'>ιιιι</span> <span class='ocrx_word' id='word_1_8' title='bbox 1688 306 1741 372; x_wconf 81' lang='lat' dir='ltr'>aso</span> 
     </span>
    </p>
   </div>
   <div class='ocr_carea' id='block_1_2' title="bbox 77 426 1744 2449">
    <p class='ocr_par' dir='ltr' id='par_1_2' title="bbox 77 426 1744 2449">
     <span class='ocr_line' id='line_1_2' title="bbox 78 426 1739 502; baseline 0.006 -18"><span class='ocrx_word' id='word_1_9' title='bbox 78 429 168 484; x_wconf 87' lang='lat' dir='ltr'>etiam</span> <span class='ocrx_word' id='word_1_10' title='bbox 183 429 269 496; x_wconf 88' lang='lat' dir='ltr'>Deus,</span> <span class='ocrx_word' id='word_1_11' title='bbox 283 427 378 500; x_wconf 81' lang='lat' dir='ltr'>populi</span> <span class='ocrx_word' id='word_1_12' title='bbox 391 427 443 502; x_wconf 88' lang='lat' dir='ltr'>ipsi</span> <span class='ocrx_word' id='word_1_13' title='bbox 454 432 538 484; x_wconf 90' lang='lat' dir='ltr'>eruut</span> <span class='ocrx_word' id='word_1_14' title='bbox 550 428 689 486; x_wconf 89' lang='lat' dir='ltr'>habitatio</span> <span class='ocrx_word' id='word_1_15' title='bbox 705 434 764 486; x_wconf 89' lang='lat' dir='ltr'>tua.</span> <span class='ocrx_word' id='word_1_16' title='bbox 781 426 1247 496; x_wconf 76' lang='lat' dir='ltr'>EtnouAtoreca1·eat,assiduo</span> <span class='ocrx_word' id='word_1_17' title='bbox 1271 434 1405 490; x_wconf 83' lang='lat' dir='ltr'>exercitio</span> <span class='ocrx_word' id='word_1_18' title='bbox 1427 434 1564 491; x_wconf 89' lang='lat' dir='ltr'>limarum</span> <span class='ocrx_word' id='word_1_19' title='bbox 1585 437 1739 495; x_wconf 90' lang='lat' dir='ltr'>candidum</span> 
     </span>
     <span class='ocr_line' id='line_1_3' title="bbox 77 518 1159 589; baseline 0.005 -16"><span class='ocrx_word' id='word_1_20' title='bbox 77 519 170 573; x_wconf 87' lang='lat' dir='ltr'>solam</span> <span class='ocrx_word' id='word_1_21' title='bbox 186 519 215 573; x_wconf 92' lang='lat' dir='ltr'>in</span> <span class='ocrx_word' id='word_1_22' title='bbox 229 519 285 573; x_wconf 93' lang='lat' dir='ltr'>hoe</span> <span class='ocrx_word' id='word_1_23' title='bbox 299 518 505 585; x_wconf 84' lang='lat' dir='ltr'>sacculo,sodet</span> <span class='ocrx_word' id='word_1_24' title='bbox 518 518 683 574; x_wconf 72' lang='lat' dir='ltr'>insecutum</span> <span class='ocrx_word' id='word_1_25' title='bbox 696 519 883 589; x_wconf 78' lang='lat' dir='ltr'>sacculihujus</span> <span class='ocrx_word' id='word_1_26' title='bbox 937 519 969 575; x_wconf 85' lang='lat' dir='ltr'>fit</span> <span class='ocrx_word' id='word_1_27' title='bbox 980 524 1009 574; x_wconf 90' lang='lat' dir='ltr'>et</span> <span class='ocrx_word' id='word_1_28' title='bbox 1025 521 1159 578; x_wconf 90' lang='lat' dir='ltr'>nitidum.</span> 
     </span>
     <span class='ocr_line' id='line_1_4' title="bbox 77 606 1740 690; baseline 0.007 -28"><span class='ocrx_word' id='word_1_29' title='bbox 77 607 301 662; x_wconf 77' lang='lat' dir='ltr'>subsecutivum.</span> <span class='ocrx_word' id='word_1_30' title='bbox 327 608 409 663; x_wconf 84' lang='lat' dir='ltr'>Juxta</span> <span class='ocrx_word' id='word_1_31' title='bbox 429 606 518 662; x_wconf 91' lang='lat' dir='ltr'>illud:</span> <span class='ocrx_word' id='word_1_32' title='bbox 537 607 644 663; x_wconf 81' lang='lat' dir='ltr'>Anima</span> <span class='ocrx_word' id='word_1_33' title='bbox 655 608 736 680; x_wconf 86' lang='lat' dir='ltr'>justi,</span> <span class='ocrx_word' id='word_1_34' title='bbox 750 609 821 663; x_wconf 84' lang='lat' dir='ltr'>sedes</span> <span class='ocrx_word' id='word_1_35' title='bbox 841 609 887 662; x_wconf 87' lang='lat' dir='ltr'>est</span> <span class='ocrx_word' id='word_1_36' title='bbox 972 609 1136 666; x_wconf 79' lang='lat' dir='ltr'><strong>Notandum</strong></span> <span class='ocrx_word' id='word_1_37' title='bbox 1152 613 1471 685; x_wconf 79' lang='lat' dir='ltr'>autemquudmyrrha,</span> <span class='ocrx_word' id='word_1_38' title='bbox 1484 613 1576 684; x_wconf 89' lang='lat' dir='ltr'>idest,</span> <span class='ocrx_word' id='word_1_39' title='bbox 1593 615 1740 690; x_wconf 88' lang='lat' dir='ltr'>incorrup-</span> 
     </span>
     <span class='ocr_line' id='line_1_5' title="bbox 79 696 1738 776; baseline 0.011 -35"><span class='ocrx_word' id='word_1_40' title='bbox 79 697 143 752; x_wconf 67' lang='grc' dir='ltr'>Μ,</span> <span class='ocrx_word' id='word_1_41' title='bbox 936 696 1071 762; x_wconf 85' lang='lat' dir='ltr'>tibilitas;</span> <span class='ocrx_word' id='word_1_42' title='bbox 1088 703 1117 754; x_wconf 91' lang='lat' dir='ltr'>et</span> <span class='ocrx_word' id='word_1_43' title='bbox 1130 700 1215 768; x_wconf 81' lang='lat' dir='ltr'>casia,</span> <span class='ocrx_word' id='word_1_44' title='bbox 1233 701 1262 755; x_wconf 90' lang='lat' dir='ltr'>id</span> <span class='ocrx_word' id='word_1_45' title='bbox 1281 705 1335 769; x_wconf 90' lang='lat' dir='ltr'>est,</span> <span class='ocrx_word' id='word_1_46' title='bbox 1352 702 1488 758; x_wconf 88' lang='lat' dir='ltr'>exaltatio</span> <span class='ocrx_word' id='word_1_47' title='bbox 1504 704 1534 757; x_wconf 92' lang='lat' dir='ltr'>in</span> <span class='ocrx_word' id='word_1_48' title='bbox 1552 703 1602 760; x_wconf 87' lang='lat' dir='ltr'>llei</span> <span class='ocrx_word' id='word_1_49' title='bbox 1614 713 1738 776; x_wconf 74' lang='lat' dir='ltr'>prasen-</span> 
     </span>
     <span class='ocr_line' id='line_1_6' title="bbox 114 783 1739 863; baseline 0.006 -24"><span class='ocrx_word' id='word_1_50' title='bbox 114 786 309 856; x_wconf 72' lang='lat' dir='ltr'>utnusquam</span> <span class='ocrx_word' id='word_1_51' title='bbox 324 784 353 839; x_wconf 89' lang='lat' dir='ltr'>in</span> <span class='ocrx_word' id='word_1_52' title='bbox 372 783 412 839; x_wconf 89' lang='lat' dir='ltr'>eis</span> <span class='ocrx_word' id='word_1_53' title='bbox 424 784 545 851; x_wconf 68' lang='lat' dir='ltr'>sedebis</span> <span class='ocrx_word' id='word_1_54' title='bbox 560 785 582 839; x_wconf 93' lang='lat' dir='ltr'>si</span> <span class='ocrx_word' id='word_1_55' title='bbox 597 786 752 858; x_wconf 88' lang='lat' dir='ltr'>aliquando</span> <span class='ocrx_word' id='word_1_56' title='bbox 764 786 884 841; x_wconf 88' lang='lat' dir='ltr'>distorte</span> <span class='ocrx_word' id='word_1_57' title='bbox 935 785 1023 850; x_wconf 89' lang='lat' dir='ltr'>tia,in</span> <span class='ocrx_word' id='word_1_58' title='bbox 1039 786 1160 843; x_wconf 84' lang='lat' dir='ltr'>suturoa</span> <span class='ocrx_word' id='word_1_59' title='bbox 1175 788 1308 843; x_wconf 84' lang='lat' dir='ltr'>domibus</span> <span class='ocrx_word' id='word_1_60' title='bbox 1320 790 1625 863; x_wconf 88' lang='lat' dir='ltr'>eburneisspirahunt.</span> <span class='ocrx_word' id='word_1_61' title='bbox 1640 794 1671 847; x_wconf 91' lang='lat' dir='ltr'>ln</span> <span class='ocrx_word' id='word_1_62' title='bbox 1686 794 1739 849; x_wconf 90' lang='lat' dir='ltr'>hac</span> 
     </span>
     <span class='ocr_line' id='line_1_7' title="bbox 78 873 1739 950; baseline 0.005 -21"><span class='ocrx_word' id='word_1_63' title='bbox 78 874 165 929; x_wconf 87' lang='lat' dir='ltr'>ierint</span> <span class='ocrx_word' id='word_1_64' title='bbox 177 873 339 928; x_wconf 89' lang='lat' dir='ltr'>recedendo</span> <span class='ocrx_word' id='word_1_65' title='bbox 355 873 557 944; x_wconf 89' lang='lat' dir='ltr'>asubjectione</span> <span class='ocrx_word' id='word_1_66' title='bbox 575 877 634 941; x_wconf 89' lang='lat' dir='ltr'>tua,</span> <span class='ocrx_word' id='word_1_67' title='bbox 651 874 884 948; x_wconf 84' lang='lat' dir='ltr'>rualeoperando</span> <span class='ocrx_word' id='word_1_68' title='bbox 935 877 1031 928; x_wconf 90' lang='lat' dir='ltr'>autem</span> <span class='ocrx_word' id='word_1_69' title='bbox 1043 875 1109 941; x_wconf 85' lang='lat' dir='ltr'>vita,</span> <span class='ocrx_word' id='word_1_70' title='bbox 1126 879 1217 948; x_wconf 87' lang='lat' dir='ltr'>gutta,</span> <span class='ocrx_word' id='word_1_71' title='bbox 1231 877 1259 931; x_wconf 94' lang='lat' dir='ltr'>id</span> <span class='ocrx_word' id='word_1_72' title='bbox 1272 881 1324 943; x_wconf 86' lang='lat' dir='ltr'>est,</span> <span class='ocrx_word' id='word_1_73' title='bbox 1337 878 1485 933; x_wconf 87' lang='lat' dir='ltr'>humilitas</span> <span class='ocrx_word' id='word_1_74' title='bbox 1494 879 1622 950; x_wconf 85' lang='lat' dir='ltr'>spirabit.</span> <span class='ocrx_word' id='word_1_75' title='bbox 1636 881 1739 937; x_wconf 85' lang='lat' dir='ltr'>Sivero</span> 
     </span>
     <span class='ocr_line' id='line_1_8' title="bbox 78 961 1740 1037; baseline 0.004 -19"><span class='ocrx_word' id='word_1_76' title='bbox 78 966 108 1018; x_wconf 88' lang='lat' dir='ltr'>et</span> <span class='ocrx_word' id='word_1_77' title='bbox 121 961 288 1033; x_wconf 87' lang='lat' dir='ltr'>cogitando,</span> <span class='ocrx_word' id='word_1_78' title='bbox 304 979 375 1030; x_wconf 75' lang='lat' dir='ltr'>repes</span> <span class='ocrx_word' id='word_1_79' title='bbox 390 978 431 1015; x_wconf 91' lang='lat' dir='ltr'>eos</span> <span class='ocrx_word' id='word_1_80' title='bbox 446 964 533 1031; x_wconf 66' lang='lat' dir='ltr'>uirga,</span> <span class='ocrx_word' id='word_1_81' title='bbox 544 962 573 1017; x_wconf 89' lang='lat' dir='ltr'>id</span> <span class='ocrx_word' id='word_1_82' title='bbox 588 966 630 1017; x_wconf 86' lang='lat' dir='ltr'>est</span> <span class='ocrx_word' id='word_1_83' title='bbox 646 963 827 1018; x_wconf 76' lang='lat' dir='ltr'>correctione</span> <span class='ocrx_word' id='word_1_84' title='bbox 837 962 885 1017; x_wconf 92' lang='lat' dir='ltr'>tri·</span> <span class='ocrx_word' id='word_1_85' title='bbox 935 962 972 1017; x_wconf 90' lang='lat' dir='ltr'>ad</span> <span class='ocrx_word' id='word_1_86' title='bbox 986 962 1077 1017; x_wconf 91' lang='lat' dir='ltr'>solam</span> <span class='ocrx_word' id='word_1_87' title='bbox 1091 964 1219 1018; x_wconf 91' lang='lat' dir='ltr'>animam</span> <span class='ocrx_word' id='word_1_88' title='bbox 1235 965 1386 1032; x_wconf 84' lang='lat' dir='ltr'>referatur,</span> <span class='ocrx_word' id='word_1_89' title='bbox 1401 966 1523 1037; x_wconf 78' lang='lat' dir='ltr'>spirabit</span> <span class='ocrx_word' id='word_1_90' title='bbox 1536 967 1624 1022; x_wconf 88' lang='lat' dir='ltr'>eliam</span> <span class='ocrx_word' id='word_1_91' title='bbox 1642 968 1668 1022; x_wconf 91' lang='lat' dir='ltr'>in</span> <span class='ocrx_word' id='word_1_92' title='bbox 1686 970 1740 1024; x_wconf 88' lang='lat' dir='ltr'>hac</span> 
     </span>
     <span class='ocr_line' id='line_1_9' title="bbox 78 1050 1737 1124; baseline 0.003 -17"><span class='ocrx_word' id='word_1_93' title='bbox 78 1051 259 1107; x_wconf 91' lang='lat' dir='ltr'>bulationum</span> <span class='ocrx_word' id='word_1_94' title='bbox 275 1066 281 1104; x_wconf 91' lang='lat'>:</span> <span class='ocrx_word' id='word_1_95' title='bbox 298 1067 315 1104; x_wconf 92' lang='lat' dir='ltr'>a</span> <span class='ocrx_word' id='word_1_96' title='bbox 327 1050 516 1105; x_wconf 84' lang='lat' dir='ltr'>similitudine</span> <span class='ocrx_word' id='word_1_97' title='bbox 533 1051 609 1123; x_wconf 89' lang='lat' dir='ltr'>equi,</span> <span class='ocrx_word' id='word_1_98' title='bbox 622 1052 670 1123; x_wconf 87' lang='lat' dir='ltr'>qui</span> <span class='ocrx_word' id='word_1_99' title='bbox 686 1068 751 1106; x_wconf 90' lang='lat' dir='ltr'>cum</span> <span class='ocrx_word' id='word_1_100' title='bbox 765 1051 884 1106; x_wconf 87' lang='lat' dir='ltr'>distorte</span> <span class='ocrx_word' id='word_1_101' title='bbox 934 1051 992 1105; x_wconf 81' lang='lat' dir='ltr'>sita</span> <span class='ocrx_word' id='word_1_102' title='bbox 1006 1050 1262 1124; x_wconf 69' lang='lat' dir='ltr'>incorruptibilitas</span> <span class='ocrx_word' id='word_1_103' title='bbox 1274 1053 1341 1107; x_wconf 79' lang='lat' dir='ltr'>adei</span> <span class='ocrx_word' id='word_1_104' title='bbox 1352 1056 1381 1107; x_wconf 90' lang='lat' dir='ltr'>et</span> <span class='ocrx_word' id='word_1_105' title='bbox 1393 1055 1527 1109; x_wconf 79' lang='lat' dir='ltr'>exaltatio</span> <span class='ocrx_word' id='word_1_106' title='bbox 1541 1055 1737 1112; x_wconf 83' lang='lat' dir='ltr'>invirtutibus.</span> 
     </span>
     <span class='ocr_line' id='line_1_10' title="bbox 78 1138 1739 1214; baseline 0.003 -19"><span class='ocrx_word' id='word_1_107' title='bbox 78 1143 135 1206; x_wconf 87' lang='lat' dir='ltr'>eat,</span> <span class='ocrx_word' id='word_1_108' title='bbox 152 1142 226 1208; x_wconf 70' lang='lat' dir='ltr'>uirgo</span> <span class='ocrx_word' id='word_1_109' title='bbox 241 1138 409 1208; x_wconf 72' lang='lat' dir='ltr'>percutitur,</span> <span class='ocrx_word' id='word_1_110' title='bbox 434 1143 463 1193; x_wconf 90' lang='lat' dir='ltr'>et</span> <span class='ocrx_word' id='word_1_111' title='bbox 486 1139 516 1192; x_wconf 94' lang='lat' dir='ltr'>in</span> <span class='ocrx_word' id='word_1_112' title='bbox 540 1139 615 1194; x_wconf 90' lang='lat' dir='ltr'>viam</span> <span class='ocrx_word' id='word_1_113' title='bbox 639 1139 798 1194; x_wconf 78' lang='lat' dir='ltr'>reducitur.</span> <span class='ocrx_word' id='word_1_114' title='bbox 825 1139 884 1194; x_wconf 92' lang='lat' dir='ltr'>lloc</span> <span class='ocrx_word' id='word_1_115' title='bbox 935 1141 972 1195; x_wconf 85' lang='lat' dir='ltr'>Er</span> <span class='ocrx_word' id='word_1_116' title='bbox 988 1140 1091 1211; x_wconf 87' lang='lat' dir='ltr'>quihus</span> <span class='ocrx_word' id='word_1_117' title='bbox 1103 1141 1210 1196; x_wconf 86' lang='lat' dir='ltr'>seilicet</span> <span class='ocrx_word' id='word_1_118' title='bbox 1225 1143 1343 1212; x_wconf 74' lang='lat' dir='ltr'>myrrha</span> <span class='ocrx_word' id='word_1_119' title='bbox 1358 1147 1387 1197; x_wconf 92' lang='lat' dir='ltr'>et</span> <span class='ocrx_word' id='word_1_120' title='bbox 1400 1147 1484 1214; x_wconf 87' lang='lat' dir='ltr'>gutta</span> <span class='ocrx_word' id='word_1_121' title='bbox 1498 1147 1527 1198; x_wconf 89' lang='lat' dir='ltr'>et</span> <span class='ocrx_word' id='word_1_122' title='bbox 1550 1144 1635 1211; x_wconf 78' lang='lat' dir='ltr'>casia,</span> <span class='ocrx_word' id='word_1_123' title='bbox 1647 1163 1680 1200; x_wconf 87' lang='lat' dir='ltr'>ex</span> <span class='ocrx_word' id='word_1_124' title='bbox 1698 1146 1739 1200; x_wconf 90' lang='lat' dir='ltr'>cis</span> 
     </span>
     <span class='ocr_line' id='line_1_11' title="bbox 79 1226 1738 1300; baseline 0.004 -18"><span class='ocrx_word' id='word_1_125' title='bbox 79 1229 273 1283; x_wconf 84' lang='lat' dir='ltr'>autemcxlra</span> <span class='ocrx_word' id='word_1_126' title='bbox 292 1226 574 1300; x_wconf 89' lang='lat' dir='ltr'>lihrumsuppletur,</span> <span class='ocrx_word' id='word_1_127' title='bbox 592 1227 884 1300; x_wconf 80' lang='lat' dir='ltr'>sedexsequeutibus</span> <span class='ocrx_word' id='word_1_128' title='bbox 934 1227 1118 1300; x_wconf 74' lang='lat' dir='ltr'>spirantibus,</span> <span class='ocrx_word' id='word_1_129' title='bbox 1146 1233 1174 1283; x_wconf 87' lang='lat' dir='ltr'>in</span> <span class='ocrx_word' id='word_1_130' title='bbox 1193 1231 1354 1299; x_wconf 79' lang='lat' dir='ltr'>tionruetno,</span> <span class='ocrx_word' id='word_1_131' title='bbox 1372 1231 1400 1285; x_wconf 89' lang='lat' dir='ltr'>id</span> <span class='ocrx_word' id='word_1_132' title='bbox 1424 1235 1477 1298; x_wconf 88' lang='lat' dir='ltr'>est,</span> <span class='ocrx_word' id='word_1_133' title='bbox 1504 1233 1738 1289; x_wconf 88' lang='lat' dir='ltr'>adhoeutinde</span> 
     </span>
     <span class='ocr_line' id='line_1_12' title="bbox 79 1316 1727 1390; baseline 0.004 -19"><span class='ocrx_word' id='word_1_134' title='bbox 79 1318 213 1382; x_wconf 89' lang='lat' dir='ltr'>habetur,</span> <span class='ocrx_word' id='word_1_135' title='bbox 230 1333 295 1370; x_wconf 93' lang='lat' dir='ltr'>cum</span> <span class='ocrx_word' id='word_1_136' title='bbox 313 1316 413 1370; x_wconf 82' lang='lat' dir='ltr'>addit:</span> <span class='ocrx_word' id='word_1_137' title='bbox 432 1317 464 1369; x_wconf 88' lang='lat' dir='ltr'>Et</span> <span class='ocrx_word' id='word_1_138' title='bbox 482 1316 531 1370; x_wconf 90' lang='lat' dir='ltr'>illa</span> <span class='ocrx_word' id='word_1_139' title='bbox 547 1319 622 1386; x_wconf 71' lang='lat' dir='ltr'>sirpe</span> <span class='ocrx_word' id='word_1_140' title='bbox 642 1319 718 1381; x_wconf 78' lang='lat' dir='ltr'>renni</span> <span class='ocrx_word' id='word_1_141' title='bbox 734 1319 783 1384; x_wconf 87' lang='lat' dir='ltr'>tui,</span> <span class='ocrx_word' id='word_1_142' title='bbox 800 1317 885 1371; x_wconf 87' lang='lat' dir='ltr'>idest</span> <span class='ocrx_word' id='word_1_143' title='bbox 934 1316 1205 1385; x_wconf 80' lang='lat' dir='ltr'>honorificeris,non</span> <span class='ocrx_word' id='word_1_144' title='bbox 1217 1319 1509 1390; x_wconf 88' lang='lat' dir='ltr'>utindesuperhiant,</span> <span class='ocrx_word' id='word_1_145' title='bbox 1525 1322 1576 1377; x_wconf 87' lang='lat' dir='ltr'>sibi</span> <span class='ocrx_word' id='word_1_146' title='bbox 1589 1324 1649 1376; x_wconf 84' lang='lat' dir='ltr'>hac</span> <span class='ocrx_word' id='word_1_147' title='bbox 1661 1323 1727 1378; x_wconf 90' lang='lat' dir='ltr'>attri</span> 
     </span>
     <span class='ocr_line' id='line_1_13' title="bbox 80 1403 1739 1480; baseline 0.004 -20"><span class='ocrx_word' id='word_1_148' title='bbox 80 1404 220 1460; x_wconf 87' lang='lat' dir='ltr'>correctio</span> <span class='ocrx_word' id='word_1_149' title='bbox 234 1421 285 1476; x_wconf 90' lang='lat' dir='ltr'>per</span> <span class='ocrx_word' id='word_1_150' title='bbox 309 1421 396 1475; x_wconf 80' lang='lat' dir='ltr'>quam</span> <span class='ocrx_word' id='word_1_151' title='bbox 412 1420 496 1473; x_wconf 84' lang='lat' dir='ltr'>reges</span> <span class='ocrx_word' id='word_1_152' title='bbox 516 1408 580 1458; x_wconf 86' lang='lat' dir='ltr'>tuos</span> <span class='ocrx_word' id='word_1_153' title='bbox 603 1405 714 1471; x_wconf 90' lang='lat' dir='ltr'>lldeles,</span> <span class='ocrx_word' id='word_1_154' title='bbox 733 1404 820 1459; x_wconf 85' lang='lat' dir='ltr'>idest</span> <span class='ocrx_word' id='word_1_155' title='bbox 836 1403 884 1475; x_wconf 92' lang='lat' dir='ltr'>qui</span> <span class='ocrx_word' id='word_1_156' title='bbox 934 1405 1067 1472; x_wconf 79' lang='lat' dir='ltr'>buend03</span> <span class='ocrx_word' id='word_1_157' title='bbox 1086 1406 1297 1470; x_wconf 79' lang='lat' dir='ltr'>delectaverunt,</span> <span class='ocrx_word' id='word_1_158' title='bbox 1313 1408 1341 1462; x_wconf 90' lang='lat' dir='ltr'>id</span> <span class='ocrx_word' id='word_1_159' title='bbox 1358 1412 1402 1462; x_wconf 83' lang='lat' dir='ltr'>est</span> <span class='ocrx_word' id='word_1_160' title='bbox 1420 1409 1617 1472; x_wconf 82' lang='lat' dir='ltr'>delectalnurt,</span> <span class='ocrx_word' id='word_1_161' title='bbox 1634 1415 1661 1465; x_wconf 89' lang='lat' dir='ltr'>te</span> <span class='ocrx_word' id='word_1_162' title='bbox 1676 1413 1739 1480; x_wconf 79' lang='lat' dir='ltr'>filiae</span> 
     </span>
     <span class='ocr_line' id='line_1_14' title="bbox 80 1491 1740 1567; baseline 0.004 -18"><span class='ocrx_word' id='word_1_163' title='bbox 80 1493 268 1564; x_wconf 85' lang='lat' dir='ltr'>subjicientur</span> <span class='ocrx_word' id='word_1_164' title='bbox 280 1492 415 1564; x_wconf 87' lang='lat' dir='ltr'>regimini</span> <span class='ocrx_word' id='word_1_165' title='bbox 440 1495 500 1553; x_wconf 88' lang='lat' dir='ltr'>tuo,</span> <span class='ocrx_word' id='word_1_166' title='bbox 517 1492 572 1546; x_wconf 88' lang='lat' dir='ltr'>crit</span> <span class='ocrx_word' id='word_1_167' title='bbox 587 1494 666 1562; x_wconf 73' lang='lat' dir='ltr'>uirga</span> <span class='ocrx_word' id='word_1_168' title='bbox 679 1493 842 1559; x_wconf 80' lang='lat' dir='ltr'>directionis,</span> <span class='ocrx_word' id='word_1_169' title='bbox 856 1491 886 1547; x_wconf 90' lang='lat' dir='ltr'>id</span> <span class='ocrx_word' id='word_1_170' title='bbox 935 1509 1036 1562; x_wconf 70' lang='lat' dir='ltr'>regum,</span> <span class='ocrx_word' id='word_1_171' title='bbox 1050 1493 1133 1549; x_wconf 91' lang='lat' dir='ltr'>idest</span> <span class='ocrx_word' id='word_1_172' title='bbox 1160 1495 1213 1567; x_wconf 88' lang='lat' dir='ltr'>ipsi</span> <span class='ocrx_word' id='word_1_173' title='bbox 1238 1495 1349 1560; x_wconf 85' lang='lat' dir='ltr'>fideles,</span> <span class='ocrx_word' id='word_1_174' title='bbox 1366 1496 1415 1566; x_wconf 87' lang='lat' dir='ltr'>qui</span> <span class='ocrx_word' id='word_1_175' title='bbox 1432 1498 1561 1567; x_wconf 86' lang='lat' dir='ltr'>superius</span> <span class='ocrx_word' id='word_1_176' title='bbox 1583 1499 1651 1554; x_wconf 91' lang='lat' dir='ltr'>dicti</span> <span class='ocrx_word' id='word_1_177' title='bbox 1674 1504 1740 1556; x_wconf 88' lang='lat' dir='ltr'>sunt</span> 
     </span>
     <span class='ocr_line' id='line_1_15' title="bbox 81 1580 1740 1653; baseline 0.004 -17"><span class='ocrx_word' id='word_1_178' title='bbox 81 1586 123 1637; x_wconf 91' lang='lat' dir='ltr'>est</span> <span class='ocrx_word' id='word_1_179' title='bbox 136 1583 217 1653; x_wconf 78' lang='lat' dir='ltr'>virga</span> <span class='ocrx_word' id='word_1_180' title='bbox 237 1580 364 1652; x_wconf 88' lang='lat' dir='ltr'>dirigens</span> <span class='ocrx_word' id='word_1_181' title='bbox 378 1597 436 1648; x_wconf 86' lang='lat' dir='ltr'>eos,</span> <span class='ocrx_word' id='word_1_182' title='bbox 451 1585 480 1635; x_wconf 91' lang='lat' dir='ltr'>et</span> <span class='ocrx_word' id='word_1_183' title='bbox 502 1581 531 1634; x_wconf 92' lang='lat' dir='ltr'>iu</span> <span class='ocrx_word' id='word_1_184' title='bbox 548 1581 623 1635; x_wconf 86' lang='lat' dir='ltr'>viam</span> <span class='ocrx_word' id='word_1_185' title='bbox 639 1581 788 1636; x_wconf 89' lang='lat' dir='ltr'>reducens.</span> <span class='ocrx_word' id='word_1_186' title='bbox 805 1581 885 1635; x_wconf 90' lang='lat' dir='ltr'>Unde</span> <span class='ocrx_word' id='word_1_187' title='bbox 936 1582 1040 1636; x_wconf 92' lang='lat' dir='ltr'>dumus</span> <span class='ocrx_word' id='word_1_188' title='bbox 1051 1583 1195 1638; x_wconf 72' lang='lat' dir='ltr'>eburneae.</span> <span class='ocrx_word' id='word_1_189' title='bbox 1211 1583 1292 1648; x_wconf 83' lang='lat' dir='ltr'>Quod</span> <span class='ocrx_word' id='word_1_190' title='bbox 1304 1585 1346 1637; x_wconf 83' lang='lat' dir='ltr'>est</span> <span class='ocrx_word' id='word_1_191' title='bbox 1362 1584 1475 1639; x_wconf 87' lang='lat' dir='ltr'>dicere:</span> <span class='ocrx_word' id='word_1_192' title='bbox 1494 1586 1531 1639; x_wconf 87' lang='lat' dir='ltr'>Ex</span> <span class='ocrx_word' id='word_1_193' title='bbox 1545 1586 1679 1642; x_wconf 82' lang='lat' dir='ltr'>hissaldc</span> <span class='ocrx_word' id='word_1_194' title='bbox 1693 1589 1740 1643; x_wconf 76' lang='lat' dir='ltr'>de</span> 
     </span>
     <span class='ocr_line' id='line_1_16' title="bbox 80 1668 1738 1744; baseline 0.002 -19"><span class='ocrx_word' id='word_1_195' title='bbox 80 1670 232 1725; x_wconf 86' lang='lat' dir='ltr'>Psalmista</span> <span class='ocrx_word' id='word_1_196' title='bbox 244 1669 326 1724; x_wconf 92' lang='lat' dir='ltr'>alibi:</span> <span class='ocrx_word' id='word_1_197' title='bbox 347 1691 360 1717; x_wconf 92' lang='grc' dir='ltr'>ιι</span> <span class='ocrx_word' id='word_1_198' title='bbox 374 1669 500 1724; x_wconf 85' lang='lat' dir='ltr'>Visitabo</span> <span class='ocrx_word' id='word_1_199' title='bbox 517 1668 546 1723; x_wconf 94' lang='lat' dir='ltr'>in</span> <span class='ocrx_word' id='word_1_200' title='bbox 562 1668 642 1740; x_wconf 79' lang='lat' dir='ltr'>virga</span> <span class='ocrx_word' id='word_1_201' title='bbox 657 1668 822 1741; x_wconf 86' lang='lat' dir='ltr'>iniquitates</span> <span class='ocrx_word' id='word_1_202' title='bbox 836 1686 885 1723; x_wconf 91' lang='lat' dir='ltr'>cu·</span> <span class='ocrx_word' id='word_1_203' title='bbox 935 1669 1096 1724; x_wconf 75' lang='lat' dir='ltr'>lactaberis,</span> <span class='ocrx_word' id='word_1_204' title='bbox 1114 1671 1163 1725; x_wconf 86' lang='lat' dir='ltr'>Vol</span> <span class='ocrx_word' id='word_1_205' title='bbox 1180 1671 1219 1725; x_wconf 91' lang='lat' dir='ltr'>sic</span> <span class='ocrx_word' id='word_1_206' title='bbox 1232 1689 1238 1725; x_wconf 91' lang='lat'>:</span> <span class='ocrx_word' id='word_1_207' title='bbox 1250 1672 1287 1724; x_wconf 76' lang='lat' dir='ltr'>lis</span> <span class='ocrx_word' id='word_1_208' title='bbox 1303 1672 1406 1742; x_wconf 88' lang='lat' dir='ltr'>quibus</span> <span class='ocrx_word' id='word_1_209' title='bbox 1417 1689 1449 1726; x_wconf 86' lang='lat' dir='ltr'>es</span> <span class='ocrx_word' id='word_1_210' title='bbox 1465 1674 1676 1744; x_wconf 80' lang='lat' dir='ltr'>suspirantibus</span> <span class='ocrx_word' id='word_1_211' title='bbox 1689 1676 1738 1730; x_wconf 89' lang='lat' dir='ltr'>dc-</span> 
     </span>
     <span class='ocr_line' id='line_1_17' title="bbox 78 1730 1739 1832; baseline 0.003 -19"><span class='ocrx_word' id='word_1_212' title='bbox 78 1774 174 1826; x_wconf 82' lang='lat' dir='ltr'>rum,»</span> <span class='ocrx_word' id='word_1_213' title='bbox 198 1758 285 1832; x_wconf 80' lang='lat' dir='ltr'>(Psoi,</span> <span class='ocrx_word' id='word_1_214' title='bbox 298 1775 426 1813; x_wconf 79' lang='lat' dir='ltr'>arxxvru.</span> <span class='ocrx_word' id='word_1_215' title='bbox 436 1756 492 1827; x_wconf 80' lang='grc'>33.)</span> <span class='ocrx_word' id='word_1_216' title='bbox 505 1760 549 1812; x_wconf 91' lang='lat' dir='ltr'>cte</span> <span class='ocrx_word' id='word_1_217' title='bbox 572 1757 696 1829; x_wconf 80' lang='lat' dir='ltr'>Exponit</span> <span class='ocrx_word' id='word_1_218' title='bbox 706 1761 802 1812; x_wconf 88' lang='lat' dir='ltr'>autem</span> <span class='ocrx_word' id='word_1_219' title='bbox 815 1773 885 1829; x_wconf 90' lang='lat' dir='ltr'>quo·</span> <span class='ocrx_word' id='word_1_220' title='bbox 897 1730 923 1792; x_wconf 81' lang='grc' dir='ltr'>Β</span> <span class='ocrx_word' id='word_1_221' title='bbox 935 1757 1082 1813; x_wconf 89' lang='lat' dir='ltr'>lectahunt</span> <span class='ocrx_word' id='word_1_222' title='bbox 1097 1759 1241 1825; x_wconf 79' lang='lat' dir='ltr'>infideles,</span> <span class='ocrx_word' id='word_1_223' title='bbox 1251 1758 1297 1830; x_wconf 88' lang='lat' dir='ltr'>qui</span> <span class='ocrx_word' id='word_1_224' title='bbox 1312 1763 1398 1813; x_wconf 90' lang='lat' dir='ltr'>erunt</span> <span class='ocrx_word' id='word_1_225' title='bbox 1411 1761 1568 1816; x_wconf 87' lang='lat' dir='ltr'>securulum</span> <span class='ocrx_word' id='word_1_226' title='bbox 1578 1762 1739 1818; x_wconf 88' lang='lat' dir='ltr'>doctrinam</span> 
     </span>
     <span class='ocr_line' id='line_1_18' title="bbox 79 1844 1739 1919; baseline 0.001 -17"><span class='ocrx_word' id='word_1_227' title='bbox 79 1846 169 1902; x_wconf 91' lang='lat' dir='ltr'>modo</span> <span class='ocrx_word' id='word_1_228' title='bbox 185 1847 300 1919; x_wconf 83' lang='lat' dir='ltr'>diriget,</span> <span class='ocrx_word' id='word_1_229' title='bbox 315 1846 373 1900; x_wconf 91' lang='lat' dir='ltr'>sic:</span> <span class='ocrx_word' id='word_1_230' title='bbox 393 1845 462 1901; x_wconf 84' lang='lat' dir='ltr'>llico</span> <span class='ocrx_word' id='word_1_231' title='bbox 479 1845 557 1917; x_wconf 87' lang='lat' dir='ltr'>quod</span> <span class='ocrx_word' id='word_1_232' title='bbox 572 1847 649 1915; x_wconf 76' lang='lat' dir='ltr'>uirqn</span> <span class='ocrx_word' id='word_1_233' title='bbox 670 1847 746 1916; x_wconf 70' lang='lat' dir='ltr'>regni</span> <span class='ocrx_word' id='word_1_234' title='bbox 777 1847 819 1899; x_wconf 91' lang='lat' dir='ltr'>tui</span> <span class='ocrx_word' id='word_1_235' title='bbox 831 1845 886 1900; x_wconf 87' lang='lat' dir='ltr'>erit</span> <span class='ocrx_word' id='word_1_236' title='bbox 935 1844 1000 1900; x_wconf 82' lang='lat' dir='ltr'>otiae</span> <span class='ocrx_word' id='word_1_237' title='bbox 1017 1861 1133 1916; x_wconf 88' lang='lat' dir='ltr'>regum,</span> <span class='ocrx_word' id='word_1_238' title='bbox 1150 1845 1235 1900; x_wconf 89' lang='lat' dir='ltr'>idest</span> <span class='ocrx_word' id='word_1_239' title='bbox 1250 1848 1459 1917; x_wconf 87' lang='lat' dir='ltr'>apostolorum,</span> <span class='ocrx_word' id='word_1_240' title='bbox 1480 1847 1528 1919; x_wconf 91' lang='lat' dir='ltr'>qui</span> <span class='ocrx_word' id='word_1_241' title='bbox 1555 1865 1639 1919; x_wconf 86' lang='lat' dir='ltr'>reges</span> <span class='ocrx_word' id='word_1_242' title='bbox 1654 1853 1739 1904; x_wconf 91' lang='lat' dir='ltr'>eruut</span> 
     </span>
     <span class='ocr_line' id='line_1_19' title="bbox 79 1933 1739 2009; baseline 0.003 -21"><span class='ocrx_word' id='word_1_243' title='bbox 79 1937 155 2006; x_wconf 69' lang='lat' dir='ltr'>uirus</span> <span class='ocrx_word' id='word_1_244' title='bbox 170 1951 223 2006; x_wconf 89' lang='lat' dir='ltr'>per</span> <span class='ocrx_word' id='word_1_245' title='bbox 247 1951 335 2007; x_wconf 90' lang='lat' dir='ltr'>quam</span> <span class='ocrx_word' id='word_1_246' title='bbox 353 1933 460 2005; x_wconf 86' lang='lat' dir='ltr'>diriges</span> <span class='ocrx_word' id='word_1_247' title='bbox 476 1949 535 1988; x_wconf 85' lang='lat' dir='ltr'>eos.</span> <span class='ocrx_word' id='word_1_248' title='bbox 551 1934 584 1988; x_wconf 84' lang='lat' dir='ltr'>Et</span> <span class='ocrx_word' id='word_1_249' title='bbox 602 1933 657 1989; x_wconf 92' lang='lat' dir='ltr'>hoc</span> <span class='ocrx_word' id='word_1_250' title='bbox 677 1934 765 1989; x_wconf 92' lang='lat' dir='ltr'>modo</span> <span class='ocrx_word' id='word_1_251' title='bbox 779 1933 886 1988; x_wconf 84' lang='lat' dir='ltr'>scilieet</span> <span class='ocrx_word' id='word_1_252' title='bbox 936 1933 1336 2006; x_wconf 81' lang='lat' dir='ltr'>Ecelesiae.Undellpostolus:</span> <span class='ocrx_word' id='word_1_253' title='bbox 1350 1954 1365 1986; x_wconf 90' lang='lat'>«</span> <span class='ocrx_word' id='word_1_254' title='bbox 1373 1935 1463 1990; x_wconf 76' lang='lat' dir='ltr'>lilioli</span> <span class='ocrx_word' id='word_1_255' title='bbox 1473 1936 1540 2003; x_wconf 89' lang='lat' dir='ltr'>mei,</span> <span class='ocrx_word' id='word_1_256' title='bbox 1553 1937 1739 2009; x_wconf 86' lang='lat' dir='ltr'>quositcrum</span> 
     </span>
     <span class='ocr_line' id='line_1_20' title="bbox 79 2019 1738 2095; baseline 0.002 -18"><span class='ocrx_word' id='word_1_257' title='bbox 79 2023 198 2078; x_wconf 75' lang='lat' dir='ltr'>dilexisti</span> <span class='ocrx_word' id='word_1_258' title='bbox 205 2025 339 2093; x_wconf 84' lang='lat' dir='ltr'>justitium</span> <span class='ocrx_word' id='word_1_259' title='bbox 359 2029 384 2077; x_wconf 90' lang='lat' dir='ltr'>et</span> <span class='ocrx_word' id='word_1_260' title='bbox 397 2022 477 2076; x_wconf 86' lang='lat' dir='ltr'>odisti</span> <span class='ocrx_word' id='word_1_261' title='bbox 495 2024 674 2095; x_wconf 81' lang='lat' dir='ltr'>iniquitatem,</span> <span class='ocrx_word' id='word_1_262' title='bbox 699 2022 783 2078; x_wconf 89' lang='lat' dir='ltr'>idest</span> <span class='ocrx_word' id='word_1_263' title='bbox 798 2021 885 2077; x_wconf 83' lang='lat' dir='ltr'>facies</span> <span class='ocrx_word' id='word_1_264' title='bbox 935 2021 1064 2093; x_wconf 87' lang='lat' dir='ltr'>parturio</span> <span class='ocrx_word' id='word_1_265' title='bbox 1078 2019 1151 2091; x_wconf 84' lang='lat' dir='ltr'>(Gal.</span> <span class='ocrx_word' id='word_1_266' title='bbox 1171 2037 1211 2086; x_wconf 89' lang='grc' dir='ltr'>ιιι,</span> <span class='ocrx_word' id='word_1_267' title='bbox 1237 2024 1277 2083; x_wconf 81' lang='lat'>19)</span> <span class='ocrx_word' id='word_1_268' title='bbox 1289 2038 1295 2076; x_wconf 92' lang='lat'>:</span> <span class='ocrx_word' id='word_1_269' title='bbox 1306 2043 1321 2070; x_wconf 96' lang='grc' dir='ltr'>ιι</span> <span class='ocrx_word' id='word_1_270' title='bbox 1340 2025 1369 2077; x_wconf 89' lang='lat' dir='ltr'>et</span> <span class='ocrx_word' id='word_1_271' title='bbox 1381 2022 1408 2076; x_wconf 91' lang='lat' dir='ltr'>in</span> <span class='ocrx_word' id='word_1_272' title='bbox 1429 2024 1560 2079; x_wconf 89' lang='lat' dir='ltr'>Psalmo:</span> <span class='ocrx_word' id='word_1_273' title='bbox 1578 2048 1591 2074; x_wconf 78' lang='lat' dir='ltr'>e</span> <span class='ocrx_word' id='word_1_274' title='bbox 1603 2026 1637 2079; x_wconf 85' lang='lat' dir='ltr'>Et</span> <span class='ocrx_word' id='word_1_275' title='bbox 1651 2043 1738 2094; x_wconf 91' lang='lat' dir='ltr'>nune,</span> 
     </span>
     <span class='ocr_line' id='line_1_21' title="bbox 81 2109 1739 2184; baseline 0 -16"><span class='ocrx_word' id='word_1_276' title='bbox 81 2129 130 2168; x_wconf 91' lang='lat' dir='ltr'>eos</span> <span class='ocrx_word' id='word_1_277' title='bbox 142 2129 195 2184; x_wconf 88' lang='lat' dir='ltr'>per</span> <span class='ocrx_word' id='word_1_278' title='bbox 208 2112 299 2184; x_wconf 90' lang='lat' dir='ltr'>ipsam</span> <span class='ocrx_word' id='word_1_279' title='bbox 323 2111 436 2183; x_wconf 83' lang='lat' dir='ltr'>uirgam</span> <span class='ocrx_word' id='word_1_280' title='bbox 466 2110 588 2182; x_wconf 84' lang='lat' dir='ltr'>diligere</span> <span class='ocrx_word' id='word_1_281' title='bbox 603 2111 749 2181; x_wconf 68' lang='lat' dir='ltr'>justitium,</span> <span class='ocrx_word' id='word_1_282' title='bbox 773 2110 884 2166; x_wconf 81' lang='lat' dir='ltr'>ebodio</span> <span class='ocrx_word' id='word_1_283' title='bbox 934 2126 1027 2181; x_wconf 83' lang='lat' dir='ltr'>reges,</span> <span class='ocrx_word' id='word_1_284' title='bbox 1045 2109 1295 2181; x_wconf 63' lang='lat' dir='ltr'>intelligiteffsot.</span> <span class='ocrx_word' id='word_1_285' title='bbox 1315 2127 1344 2166; x_wconf 94' lang='grc' dir='ltr'>ιι.</span> <span class='ocrx_word' id='word_1_286' title='bbox 1364 2111 1739 2184; x_wconf 76' lang='lat' dir='ltr'>l0);»hlia·.regumdico:</span> 
     </span>
     <span class='ocr_line' id='line_1_22' title="bbox 80 2197 1744 2273; baseline 0 -17"><span class='ocrx_word' id='word_1_287' title='bbox 80 2202 189 2257; x_wconf 89' lang='lat' dir='ltr'>hahere</span> <span class='ocrx_word' id='word_1_288' title='bbox 205 2203 382 2273; x_wconf 66' lang='lat' dir='ltr'>iniquitaten.</span> <span class='ocrx_word' id='word_1_289' title='bbox 394 2201 443 2255; x_wconf 86' lang='lat' dir='ltr'>Vel</span> <span class='ocrx_word' id='word_1_290' title='bbox 457 2199 496 2253; x_wconf 90' lang='lat' dir='ltr'>sic</span> <span class='ocrx_word' id='word_1_291' title='bbox 512 2199 676 2255; x_wconf 82' lang='lat' dir='ltr'>:Dixiduod</span> <span class='ocrx_word' id='word_1_292' title='bbox 688 2200 785 2271; x_wconf 92' lang='lat' dir='ltr'>populi</span> <span class='ocrx_word' id='word_1_293' title='bbox 799 2202 885 2254; x_wconf 85' lang='lat' dir='ltr'>erunt</span> <span class='ocrx_word' id='word_1_294' title='bbox 935 2201 964 2252; x_wconf 90' lang='lat' dir='ltr'>et</span> <span class='ocrx_word' id='word_1_295' title='bbox 981 2199 1035 2253; x_wconf 92' lang='lat' dir='ltr'>hoc</span> <span class='ocrx_word' id='word_1_296' title='bbox 1051 2198 1189 2252; x_wconf 84' lang='lat' dir='ltr'>inhonore</span> <span class='ocrx_word' id='word_1_297' title='bbox 1202 2197 1297 2264; x_wconf 70' lang='lat' dir='ltr'>tuaid</span> <span class='ocrx_word' id='word_1_298' title='bbox 1313 2203 1365 2263; x_wconf 87' lang='lat' dir='ltr'>est,</span> <span class='ocrx_word' id='word_1_299' title='bbox 1376 2199 1415 2253; x_wconf 87' lang='lat' dir='ltr'>sic</span> <span class='ocrx_word' id='word_1_300' title='bbox 1430 2203 1496 2253; x_wconf 90' lang='lat' dir='ltr'>sunt</span> <span class='ocrx_word' id='word_1_301' title='bbox 1509 2200 1574 2254; x_wconf 76' lang='lat' dir='ltr'>tiliae</span> <span class='ocrx_word' id='word_1_302' title='bbox 1581 2217 1695 2272; x_wconf 90' lang='lat' dir='ltr'>regum,</span> <span class='ocrx_word' id='word_1_303' title='bbox 1711 2206 1744 2256; x_wconf 94' lang='lat' dir='ltr'>ut</span> 
     </span>
     <span class='ocr_line' id='line_1_23' title="bbox 82 2284 1742 2362; baseline 0 -18"><span class='ocrx_word' id='word_1_304' title='bbox 82 2289 165 2345; x_wconf 89' lang='lat' dir='ltr'>sedes</span> <span class='ocrx_word' id='word_1_305' title='bbox 180 2292 239 2356; x_wconf 90' lang='lat' dir='ltr'>tua,</span> <span class='ocrx_word' id='word_1_306' title='bbox 267 2293 294 2344; x_wconf 88' lang='lat' dir='ltr'>et</span> <span class='ocrx_word' id='word_1_307' title='bbox 316 2306 365 2345; x_wconf 93' lang='lat' dir='ltr'>eos</span> <span class='ocrx_word' id='word_1_308' title='bbox 392 2288 508 2359; x_wconf 83' lang='lat' dir='ltr'>diriges,</span> <span class='ocrx_word' id='word_1_309' title='bbox 533 2291 561 2342; x_wconf 87' lang='lat' dir='ltr'>et</span> <span class='ocrx_word' id='word_1_310' title='bbox 580 2288 616 2342; x_wconf 90' lang='lat' dir='ltr'>ad</span> <span class='ocrx_word' id='word_1_311' title='bbox 633 2288 686 2342; x_wconf 88' lang='lat' dir='ltr'>hoc</span> <span class='ocrx_word' id='word_1_312' title='bbox 700 2304 730 2342; x_wconf 90' lang='lat' dir='ltr'>es</span> <span class='ocrx_word' id='word_1_313' title='bbox 752 2287 882 2342; x_wconf 86' lang='lat' dir='ltr'>idoneus.</span> <span class='ocrx_word' id='word_1_314' title='bbox 934 2286 963 2340; x_wconf 92' lang='lat' dir='ltr'>in</span> <span class='ocrx_word' id='word_1_315' title='bbox 980 2285 1034 2341; x_wconf 91' lang='lat' dir='ltr'>hoc</span> <span class='ocrx_word' id='word_1_316' title='bbox 1048 2285 1249 2340; x_wconf 81' lang='lat' dir='ltr'>honorificeris</span> <span class='ocrx_word' id='word_1_317' title='bbox 1269 2284 1306 2339; x_wconf 87' lang='lat' dir='ltr'>ab</span> <span class='ocrx_word' id='word_1_318' title='bbox 1325 2285 1393 2358; x_wconf 90' lang='lat' dir='ltr'>ipsis</span> <span class='ocrx_word' id='word_1_319' title='bbox 1416 2287 1539 2354; x_wconf 84' lang='lat' dir='ltr'>filiabus,</span> <span class='ocrx_word' id='word_1_320' title='bbox 1556 2289 1634 2359; x_wconf 88' lang='lat' dir='ltr'>quod</span> <span class='ocrx_word' id='word_1_321' title='bbox 1649 2289 1742 2362; x_wconf 88' lang='lat' dir='ltr'>gratia</span> 
     </span>
     <span class='ocr_line' id='line_1_24' title="bbox 80 2374 1741 2449; baseline 0.001 -18"><span class='ocrx_word' id='word_1_322' title='bbox 80 2378 151 2432; x_wconf 89' lang='lat' dir='ltr'>Nam</span> <span class='ocrx_word' id='word_1_323' title='bbox 168 2377 287 2432; x_wconf 77' lang='lat' dir='ltr'>dilexisti</span> <span class='ocrx_word' id='word_1_324' title='bbox 294 2377 441 2447; x_wconf 84' lang='lat' dir='ltr'>justitiam.</span> <span class='ocrx_word' id='word_1_325' title='bbox 459 2375 540 2440; x_wconf 84' lang='lat' dir='ltr'>Qriod</span> <span class='ocrx_word' id='word_1_326' title='bbox 556 2380 599 2431; x_wconf 87' lang='lat' dir='ltr'>est</span> <span class='ocrx_word' id='word_1_327' title='bbox 614 2375 708 2430; x_wconf 89' lang='lat' dir='ltr'>dicere</span> <span class='ocrx_word' id='word_1_328' title='bbox 721 2392 727 2429; x_wconf 76' lang='grc' dir='ltr'>ι</span> <span class='ocrx_word' id='word_1_329' title='bbox 738 2376 833 2430; x_wconf 81' lang='lat' dir='ltr'>iustus</span> <span class='ocrx_word' id='word_1_330' title='bbox 843 2392 883 2442; x_wconf 89' lang='lat' dir='ltr'>es,</span> <span class='ocrx_word' id='word_1_331' title='bbox 935 2377 984 2429; x_wconf 88' lang='lat' dir='ltr'>tua</span> <span class='ocrx_word' id='word_1_332' title='bbox 994 2377 1061 2429; x_wconf 89' lang='lat' dir='ltr'>suut</span> <span class='ocrx_word' id='word_1_333' title='bbox 1077 2374 1154 2429; x_wconf 73' lang='lat' dir='ltr'>utin.</span> <span class='ocrx_word' id='word_1_334' title='bbox 1166 2374 1323 2429; x_wconf 88' lang='lat' dir='ltr'>Sciendum</span> <span class='ocrx_word' id='word_1_335' title='bbox 1338 2375 1488 2446; x_wconf 91' lang='lat' dir='ltr'>quodideo</span> <span class='ocrx_word' id='word_1_336' title='bbox 1498 2377 1617 2447; x_wconf 66' lang='lat' dir='ltr'>myrrha</span> <span class='ocrx_word' id='word_1_337' title='bbox 1632 2394 1684 2449; x_wconf 89' lang='lat' dir='ltr'>pro</span> <span class='ocrx_word' id='word_1_338' title='bbox 1699 2378 1741 2432; x_wconf 93' lang='lat' dir='ltr'>in·</span> 
     </span>
    </p>
   </div>
   <div class='ocr_carea' id='block_1_3' title="bbox 80 2463 1845 2537">
    <p class='ocr_par' dir='ltr' id='par_1_3' title="bbox 80 2463 1845 2537">
     <span class='ocr_line' id='line_1_25' title="bbox 80 2463 1845 2537; baseline -0.002 -15"><span class='ocrx_word' id='word_1_339' title='bbox 80 2466 205 2537; x_wconf 88' lang='lat' dir='ltr'>ideoque</span> <span class='ocrx_word' id='word_1_340' title='bbox 222 2465 389 2537; x_wconf 86' lang='lat' dir='ltr'>potenscris</span> <span class='ocrx_word' id='word_1_341' title='bbox 413 2481 462 2519; x_wconf 89' lang='lat' dir='ltr'>eos</span> <span class='ocrx_word' id='word_1_342' title='bbox 478 2464 613 2535; x_wconf 88' lang='lat' dir='ltr'>dirigere.</span> <span class='ocrx_word' id='word_1_343' title='bbox 637 2463 675 2517; x_wconf 87' lang='lat' dir='ltr'>Et</span> <span class='ocrx_word' id='word_1_344' title='bbox 690 2464 745 2518; x_wconf 91' lang='lat' dir='ltr'>hoc</span> <span class='ocrx_word' id='word_1_345' title='bbox 758 2467 837 2535; x_wconf 88' lang='lat' dir='ltr'>patet</span> <span class='ocrx_word' id='word_1_346' title='bbox 850 2480 885 2518; x_wconf 87' lang='lat' dir='ltr'>ex</span> <span class='ocrx_word' id='word_1_347' title='bbox 935 2463 1178 2534; x_wconf 90' lang='lat' dir='ltr'>corruptibilitate</span> <span class='ocrx_word' id='word_1_348' title='bbox 1192 2463 1320 2534; x_wconf 90' lang='lat' dir='ltr'>ponitur,</span> <span class='ocrx_word' id='word_1_349' title='bbox 1340 2464 1409 2534; x_wconf 86' lang='lat' dir='ltr'>quia</span> <span class='ocrx_word' id='word_1_350' title='bbox 1427 2480 1550 2536; x_wconf 88' lang='lat' dir='ltr'>corpora</span> <span class='ocrx_word' id='word_1_351' title='bbox 1574 2482 1608 2520; x_wconf 89' lang='lat' dir='ltr'>ea</span> <span class='ocrx_word' id='word_1_352' title='bbox 1624 2466 1742 2521; x_wconf 85' lang='lat' dir='ltr'>inuncta</span> <span class='ocrx_word' id='word_1_353' title='bbox 1842 2514 1845 2518; x_wconf 14' lang='grc' dir='ltr'><em>Δ</em></span> 
     </span>
    </p>
   </div>
   <div class='ocr_carea' id='block_1_4' title="bbox 48 2551 1744 5451">
    <p class='ocr_par' dir='ltr' id='par_1_4' title="bbox 78 2551 1744 4566">
     <span class='ocr_line' id='line_1_26' title="bbox 89 2551 1739 2626; baseline 0 -16"><span class='ocrx_word' id='word_1_354' title='bbox 89 2553 222 2626; x_wconf 88' lang='lat' dir='ltr'>opposito</span> <span class='ocrx_word' id='word_1_355' title='bbox 236 2553 312 2625; x_wconf 91' lang='lat' dir='ltr'>quod</span> <span class='ocrx_word' id='word_1_356' title='bbox 330 2553 446 2607; x_wconf 77' lang='lat' dir='ltr'>dilexisti</span> <span class='ocrx_word' id='word_1_357' title='bbox 460 2552 597 2622; x_wconf 87' lang='lat' dir='ltr'>justitiam</span> <span class='ocrx_word' id='word_1_358' title='bbox 613 2568 681 2606; x_wconf 90' lang='lat' dir='ltr'>nam</span> <span class='ocrx_word' id='word_1_359' title='bbox 694 2552 774 2605; x_wconf 76' lang='lat' dir='ltr'>actiui</span> <span class='ocrx_word' id='word_1_360' title='bbox 785 2554 883 2623; x_wconf 66' lang='lat' dir='ltr'>inibid-</span> <span class='ocrx_word' id='word_1_361' title='bbox 934 2551 1008 2606; x_wconf 91' lang='lat' dir='ltr'>llunt</span> <span class='ocrx_word' id='word_1_362' title='bbox 1019 2551 1257 2623; x_wconf 88' lang='lat' dir='ltr'>incorruptibilia.</span> <span class='ocrx_word' id='word_1_363' title='bbox 1268 2551 1353 2606; x_wconf 89' lang='lat' dir='ltr'>Gutta</span> <span class='ocrx_word' id='word_1_364' title='bbox 1363 2553 1545 2624; x_wconf 86' lang='lat' dir='ltr'>verospccies</span> <span class='ocrx_word' id='word_1_365' title='bbox 1556 2557 1599 2608; x_wconf 88' lang='lat' dir='ltr'>est</span> <span class='ocrx_word' id='word_1_366' title='bbox 1612 2555 1739 2611; x_wconf 90' lang='lat' dir='ltr'>medico-</span> 
     </span>
     <span class='ocr_line' id='line_1_27' title="bbox 88 2638 1738 2714; baseline 0.001 -17"><span class='ocrx_word' id='word_1_367' title='bbox 88 2650 177 2697; x_wconf 86' lang='lat' dir='ltr'>tutem.</span> <span class='ocrx_word' id='word_1_368' title='bbox 191 2642 252 2697; x_wconf 80' lang='lat' dir='ltr'>ltixi</span> <span class='ocrx_word' id='word_1_369' title='bbox 265 2641 342 2714; x_wconf 89' lang='lat' dir='ltr'>quod</span> <span class='ocrx_word' id='word_1_370' title='bbox 353 2641 511 2695; x_wconf 82' lang='lat' dir='ltr'>dexterntuu</span> <span class='ocrx_word' id='word_1_371' title='bbox 527 2639 638 2694; x_wconf 85' lang='lat' dir='ltr'>deducet</span> <span class='ocrx_word' id='word_1_372' title='bbox 647 2647 680 2706; x_wconf 87' lang='lat' dir='ltr'>te,</span> <span class='ocrx_word' id='word_1_373' title='bbox 697 2641 825 2711; x_wconf 81' lang='lat' dir='ltr'>elpopuli</span> <span class='ocrx_word' id='word_1_374' title='bbox 837 2638 885 2694; x_wconf 87' lang='lat' dir='ltr'>sub</span> <span class='ocrx_word' id='word_1_375' title='bbox 934 2657 1012 2705; x_wconf 88' lang='lat' dir='ltr'>rum,</span> <span class='ocrx_word' id='word_1_376' title='bbox 1025 2657 1088 2712; x_wconf 79' lang='lat' dir='ltr'>qua</span> <span class='ocrx_word' id='word_1_377' title='bbox 1104 2641 1140 2695; x_wconf 90' lang='lat' dir='ltr'>ad</span> <span class='ocrx_word' id='word_1_378' title='bbox 1165 2644 1311 2694; x_wconf 89' lang='lat' dir='ltr'>tumorem</span> <span class='ocrx_word' id='word_1_379' title='bbox 1330 2640 1534 2711; x_wconf 90' lang='lat' dir='ltr'>depellendum</span> <span class='ocrx_word' id='word_1_380' title='bbox 1555 2642 1660 2697; x_wconf 91' lang='lat' dir='ltr'>idonea</span> <span class='ocrx_word' id='word_1_381' title='bbox 1672 2648 1715 2698; x_wconf 88' lang='lat' dir='ltr'>est</span> <span class='ocrx_word' id='word_1_382' title='bbox 1731 2660 1738 2698; x_wconf 76' lang='grc' dir='ltr'>ι</span> 
     </span>
     <span class='ocr_line' id='line_1_28' title="bbox 84 2727 1740 2800; baseline 0 -16"><span class='ocrx_word' id='word_1_383' title='bbox 84 2738 108 2785; x_wconf 87' lang='lat' dir='ltr'>te</span> <span class='ocrx_word' id='word_1_384' title='bbox 120 2731 234 2784; x_wconf 86' lang='lat' dir='ltr'>radent:</span> <span class='ocrx_word' id='word_1_385' title='bbox 251 2734 279 2784; x_wconf 90' lang='lat' dir='ltr'>et</span> <span class='ocrx_word' id='word_1_386' title='bbox 294 2732 379 2784; x_wconf 89' lang='lat' dir='ltr'>erunt</span> <span class='ocrx_word' id='word_1_387' title='bbox 393 2729 463 2783; x_wconf 88' lang='lat' dir='ltr'>sedes</span> <span class='ocrx_word' id='word_1_388' title='bbox 477 2736 534 2796; x_wconf 85' lang='lat' dir='ltr'>tuo,</span> <span class='ocrx_word' id='word_1_389' title='bbox 558 2732 587 2782; x_wconf 88' lang='lat' dir='ltr'>et</span> <span class='ocrx_word' id='word_1_390' title='bbox 607 2727 712 2800; x_wconf 85' lang='lat' dir='ltr'>diriges</span> <span class='ocrx_word' id='word_1_391' title='bbox 734 2745 783 2784; x_wconf 84' lang='lat' dir='ltr'>eos</span> <span class='ocrx_word' id='word_1_392' title='bbox 797 2730 884 2798; x_wconf 75' lang='lat' dir='ltr'>uirga,</span> <span class='ocrx_word' id='word_1_393' title='bbox 935 2728 1001 2783; x_wconf 87' lang='lat' dir='ltr'>ideo</span> <span class='ocrx_word' id='word_1_394' title='bbox 1014 2745 1066 2799; x_wconf 93' lang='lat' dir='ltr'>pro</span> <span class='ocrx_word' id='word_1_395' title='bbox 1087 2729 1249 2783; x_wconf 87' lang='lat' dir='ltr'>bumilitate</span> <span class='ocrx_word' id='word_1_396' title='bbox 1265 2727 1391 2800; x_wconf 88' lang='lat' dir='ltr'>ponitur,</span> <span class='ocrx_word' id='word_1_397' title='bbox 1407 2745 1470 2799; x_wconf 78' lang='lat' dir='ltr'>quae</span> <span class='ocrx_word' id='word_1_398' title='bbox 1493 2729 1530 2783; x_wconf 87' lang='lat' dir='ltr'>ad</span> <span class='ocrx_word' id='word_1_399' title='bbox 1543 2729 1684 2800; x_wconf 70' lang='lat' dir='ltr'>superbiae</span> <span class='ocrx_word' id='word_1_400' title='bbox 1695 2734 1740 2784; x_wconf 90' lang='lat' dir='ltr'>tu·</span> 
     </span>
     <span class='ocr_line' id='line_1_29' title="bbox 82 2815 1741 2890; baseline -0.001 -16"><span class='ocrx_word' id='word_1_401' title='bbox 82 2823 111 2874; x_wconf 90' lang='lat' dir='ltr'>et</span> <span class='ocrx_word' id='word_1_402' title='bbox 126 2820 179 2873; x_wconf 93' lang='lat' dir='ltr'>hoc</span> <span class='ocrx_word' id='word_1_403' title='bbox 195 2818 259 2873; x_wconf 89' lang='lat' dir='ltr'>ideo</span> <span class='ocrx_word' id='word_1_404' title='bbox 275 2818 344 2889; x_wconf 89' lang='lat' dir='ltr'>quia</span> <span class='ocrx_word' id='word_1_405' title='bbox 355 2818 471 2872; x_wconf 83' lang='lat' dir='ltr'>dilexisti</span> <span class='ocrx_word' id='word_1_406' title='bbox 476 2818 613 2887; x_wconf 86' lang='lat' dir='ltr'>justitiam</span> <span class='ocrx_word' id='word_1_407' title='bbox 627 2824 651 2870; x_wconf 89' lang='lat' dir='ltr'>et</span> <span class='ocrx_word' id='word_1_408' title='bbox 666 2817 744 2871; x_wconf 82' lang='lat' dir='ltr'>oelisti</span> <span class='ocrx_word' id='word_1_409' title='bbox 756 2817 886 2888; x_wconf 79' lang='lat' dir='ltr'>iniquite—</span> <span class='ocrx_word' id='word_1_410' title='bbox 936 2833 1048 2872; x_wconf 89' lang='lat' dir='ltr'>morem</span> <span class='ocrx_word' id='word_1_411' title='bbox 1060 2816 1282 2888; x_wconf 89' lang='lat' dir='ltr'>deprimendum</span> <span class='ocrx_word' id='word_1_412' title='bbox 1295 2819 1336 2870; x_wconf 85' lang='lat' dir='ltr'>est</span> <span class='ocrx_word' id='word_1_413' title='bbox 1347 2815 1741 2890; x_wconf 83' lang='lat' dir='ltr'>valida.Casiaquidem,quia</span> 
     </span>
     <span class='ocr_line' id='line_1_30' title="bbox 82 2903 1740 2976; baseline -0.001 -16"><span class='ocrx_word' id='word_1_414' title='bbox 82 2913 143 2961; x_wconf 86' lang='lat' dir='ltr'>tem.</span> <span class='ocrx_word' id='word_1_415' title='bbox 163 2907 197 2961; x_wconf 87' lang='lat' dir='ltr'>Et</span> <span class='ocrx_word' id='word_1_416' title='bbox 205 2911 236 2961; x_wconf 93' lang='lat' dir='ltr'>ut</span> <span class='ocrx_word' id='word_1_417' title='bbox 249 2906 417 2960; x_wconf 80' lang='lat' dir='ltr'>hoeeomnia</span> <span class='ocrx_word' id='word_1_418' title='bbox 431 2905 512 2970; x_wconf 83' lang='lat' dir='ltr'>fiant,</span> <span class='ocrx_word' id='word_1_419' title='bbox 528 2907 636 2971; x_wconf 77' lang='lat' dir='ltr'>olicus,</span> <span class='ocrx_word' id='word_1_420' title='bbox 649 2909 679 2959; x_wconf 92' lang='lat' dir='ltr'>tu</span> <span class='ocrx_word' id='word_1_421' title='bbox 696 2904 802 2959; x_wconf 88' lang='lat' dir='ltr'>scilieet</span> <span class='ocrx_word' id='word_1_422' title='bbox 822 2903 883 2972; x_wconf 83' lang='lat' dir='ltr'>Fili,</span> <span class='ocrx_word' id='word_1_423' title='bbox 933 2906 1017 2976; x_wconf 83' lang='lat' dir='ltr'>juxta</span> <span class='ocrx_word' id='word_1_424' title='bbox 1036 2903 1243 2975; x_wconf 69' lang='lat' dir='ltr'>Hieronymum</span> <span class='ocrx_word' id='word_1_425' title='bbox 1261 2904 1398 2958; x_wconf 86' lang='lat' dir='ltr'>arborest</span> <span class='ocrx_word' id='word_1_426' title='bbox 1412 2903 1441 2957; x_wconf 92' lang='lat' dir='ltr'>in</span> <span class='ocrx_word' id='word_1_427' title='bbox 1457 2905 1546 2959; x_wconf 91' lang='lat' dir='ltr'>altum</span> <span class='ocrx_word' id='word_1_428' title='bbox 1563 2922 1740 2973; x_wconf 79' lang='lat' dir='ltr'>excrescens,</span> 
     </span>
     <span class='ocr_line' id='line_1_31' title="bbox 81 2992 1740 3068; baseline 0.001 -20"><span class='ocrx_word' id='word_1_429' title='bbox 81 2995 204 3068; x_wconf 88' lang='lat' dir='ltr'>quinon</span> <span class='ocrx_word' id='word_1_430' title='bbox 221 2994 312 3048; x_wconf 90' lang='lat' dir='ltr'>solum</span> <span class='ocrx_word' id='word_1_431' title='bbox 329 3010 358 3048; x_wconf 89' lang='lat' dir='ltr'>es</span> <span class='ocrx_word' id='word_1_432' title='bbox 378 2994 478 3059; x_wconf 91' lang='lat' dir='ltr'>homo,</span> <span class='ocrx_word' id='word_1_433' title='bbox 494 2993 544 3048; x_wconf 90' lang='lat' dir='ltr'>sed</span> <span class='ocrx_word' id='word_1_434' title='bbox 560 2994 697 3048; x_wconf 79' lang='lat' dir='ltr'>ellicus:</span> <span class='ocrx_word' id='word_1_435' title='bbox 714 2992 787 3045; x_wconf 84' lang='lat' dir='ltr'>Deus</span> <span class='ocrx_word' id='word_1_436' title='bbox 813 2999 884 3060; x_wconf 87' lang='lat' dir='ltr'>tuus,</span> <span class='ocrx_word' id='word_1_437' title='bbox 900 3007 989 3068; x_wconf 76' lang='lat' dir='ltr'>cpro</span> <span class='ocrx_word' id='word_1_438' title='bbox 1006 2992 1179 3048; x_wconf 84' lang='lat' dir='ltr'>exaltatione</span> <span class='ocrx_word' id='word_1_439' title='bbox 1201 2992 1247 3046; x_wconf 92' lang='lat' dir='ltr'>bic</span> <span class='ocrx_word' id='word_1_440' title='bbox 1271 2992 1364 3064; x_wconf 87' lang='lat' dir='ltr'>posita</span> <span class='ocrx_word' id='word_1_441' title='bbox 1380 2995 1431 3045; x_wconf 87' lang='lat' dir='ltr'>est.</span> <span class='ocrx_word' id='word_1_442' title='bbox 1454 2993 1502 3047; x_wconf 90' lang='lat' dir='ltr'>Vel</span> <span class='ocrx_word' id='word_1_443' title='bbox 1525 2993 1562 3047; x_wconf 92' lang='lat' dir='ltr'>sic</span> <span class='ocrx_word' id='word_1_444' title='bbox 1576 2995 1740 3065; x_wconf 88' lang='lat' dir='ltr'>potestlegi</span> 
     </span>
     <span class='ocr_line' id='line_1_32' title="bbox 81 3079 1739 3154; baseline -0.001 -17"><span class='ocrx_word' id='word_1_445' title='bbox 81 3099 137 3154; x_wconf 90' lang='lat' dir='ltr'>ego</span> <span class='ocrx_word' id='word_1_446' title='bbox 152 3083 259 3136; x_wconf 86' lang='lat' dir='ltr'>scilieet</span> <span class='ocrx_word' id='word_1_447' title='bbox 284 3084 352 3135; x_wconf 85' lang='lat' dir='ltr'>unxi</span> <span class='ocrx_word' id='word_1_448' title='bbox 374 3089 398 3135; x_wconf 88' lang='lat' dir='ltr'>te</span> <span class='ocrx_word' id='word_1_449' title='bbox 419 3081 473 3135; x_wconf 91' lang='lat' dir='ltr'>oleo</span> <span class='ocrx_word' id='word_1_450' title='bbox 494 3081 604 3146; x_wconf 72' lang='lat' dir='ltr'>letitia,</span> <span class='ocrx_word' id='word_1_451' title='bbox 620 3081 714 3148; x_wconf 90' lang='lat' dir='ltr'>idest,</span> <span class='ocrx_word' id='word_1_452' title='bbox 732 3081 837 3152; x_wconf 87' lang='lat' dir='ltr'>replevi</span> <span class='ocrx_word' id='word_1_453' title='bbox 852 3085 881 3136; x_wconf 86' lang='lat' dir='ltr'>te</span> <span class='ocrx_word' id='word_1_454' title='bbox 936 3099 1032 3138; x_wconf 86' lang='lat' dir='ltr'>versus</span> <span class='ocrx_word' id='word_1_455' title='bbox 1046 3081 1120 3136; x_wconf 88' lang='lat' dir='ltr'>iste:</span> <span class='ocrx_word' id='word_1_456' title='bbox 1144 3081 1215 3146; x_wconf 84' lang='lat' dir='ltr'>Quia</span> <span class='ocrx_word' id='word_1_457' title='bbox 1236 3080 1355 3146; x_wconf 82' lang='lat' dir='ltr'>dixerat,</span> <span class='ocrx_word' id='word_1_458' title='bbox 1374 3079 1457 3134; x_wconf 78' lang='lat' dir='ltr'>b&#39;nxit</span> <span class='ocrx_word' id='word_1_459' title='bbox 1478 3088 1502 3133; x_wconf 86' lang='lat' dir='ltr'>te</span> <span class='ocrx_word' id='word_1_460' title='bbox 1523 3080 1595 3135; x_wconf 86' lang='lat' dir='ltr'>Deus</span> <span class='ocrx_word' id='word_1_461' title='bbox 1611 3089 1672 3136; x_wconf 75' lang='lat' dir='ltr'>titus</span> <span class='ocrx_word' id='word_1_462' title='bbox 1684 3083 1739 3137; x_wconf 85' lang='lat' dir='ltr'>oleo</span> 
     </span>
     <span class='ocr_line' id='line_1_33' title="bbox 80 3168 1740 3243; baseline -0.001 -18"><span class='ocrx_word' id='word_1_463' title='bbox 80 3171 175 3243; x_wconf 86' lang='lat' dir='ltr'>gratia</span> <span class='ocrx_word' id='word_1_464' title='bbox 187 3169 303 3243; x_wconf 89' lang='lat' dir='ltr'>speciali</span> <span class='ocrx_word' id='word_1_465' title='bbox 319 3172 347 3224; x_wconf 90' lang='lat' dir='ltr'>et</span> <span class='ocrx_word' id='word_1_466' title='bbox 360 3169 674 3240; x_wconf 90' lang='lat' dir='ltr'>immunitatepeceati,</span> <span class='ocrx_word' id='word_1_467' title='bbox 690 3186 844 3241; x_wconf 88' lang='lat' dir='ltr'>perquam</span> <span class='ocrx_word' id='word_1_468' title='bbox 858 3172 885 3224; x_wconf 90' lang='lat' dir='ltr'>te</span> <span class='ocrx_word' id='word_1_469' title='bbox 936 3171 1035 3225; x_wconf 72' lang='lat' dir='ltr'>laetitias</span> <span class='ocrx_word' id='word_1_470' title='bbox 1050 3187 1109 3241; x_wconf 70' lang='lat' dir='ltr'>prae</span> <span class='ocrx_word' id='word_1_471' title='bbox 1130 3168 1292 3223; x_wconf 78' lang='lat' dir='ltr'>consortibus</span> <span class='ocrx_word' id='word_1_472' title='bbox 1312 3168 1376 3232; x_wconf 88' lang='lat' dir='ltr'>tuis,</span> <span class='ocrx_word' id='word_1_473' title='bbox 1398 3168 1509 3222; x_wconf 86' lang='lat' dir='ltr'>videtur</span> <span class='ocrx_word' id='word_1_474' title='bbox 1521 3185 1570 3222; x_wconf 88' lang='lat' dir='ltr'>eos</span> <span class='ocrx_word' id='word_1_475' title='bbox 1593 3173 1740 3224; x_wconf 89' lang='lat' dir='ltr'>consortes</span> 
     </span>
     <span class='ocr_line' id='line_1_34' title="bbox 78 3255 1741 3329; baseline -0.001 -16"><span class='ocrx_word' id='word_1_476' title='bbox 78 3258 258 3314; x_wconf 61' lang='lat' dir='ltr'>laetificarem</span> <span class='ocrx_word' id='word_1_477' title='bbox 267 3275 327 3329; x_wconf 84' lang='lat' dir='ltr'>prae</span> <span class='ocrx_word' id='word_1_478' title='bbox 341 3258 515 3324; x_wconf 85' lang='lat' dir='ltr'>consortibus,</span> <span class='ocrx_word' id='word_1_479' title='bbox 528 3257 556 3312; x_wconf 92' lang='lat' dir='ltr'>id</span> <span class='ocrx_word' id='word_1_480' title='bbox 573 3260 694 3312; x_wconf 88' lang='lat' dir='ltr'>estante</span> <span class='ocrx_word' id='word_1_481' title='bbox 707 3258 886 3312; x_wconf 85' lang='lat' dir='ltr'>aliossrdeles</span> <span class='ocrx_word' id='word_1_482' title='bbox 936 3276 996 3314; x_wconf 86' lang='lat' dir='ltr'>esse</span> <span class='ocrx_word' id='word_1_483' title='bbox 1012 3258 1107 3312; x_wconf 92' lang='lat' dir='ltr'>minus</span> <span class='ocrx_word' id='word_1_484' title='bbox 1123 3257 1266 3312; x_wconf 80' lang='lat' dir='ltr'>inunctos</span> <span class='ocrx_word' id='word_1_485' title='bbox 1283 3255 1459 3310; x_wconf 84' lang='lat' dir='ltr'>hlilereuim</span> <span class='ocrx_word' id='word_1_486' title='bbox 1473 3257 1548 3310; x_wconf 89' lang='lat' dir='ltr'>male</span> <span class='ocrx_word' id='word_1_487' title='bbox 1563 3255 1688 3327; x_wconf 87' lang='lat' dir='ltr'>positum</span> <span class='ocrx_word' id='word_1_488' title='bbox 1700 3273 1741 3311; x_wconf 86' lang='lat' dir='ltr'>es·</span> 
     </span>
     <span class='ocr_line' id='line_1_35' title="bbox 80 3344 1736 3420; baseline -0.001 -18"><span class='ocrx_word' id='word_1_489' title='bbox 80 3348 129 3420; x_wconf 92' lang='lat' dir='ltr'>qui</span> <span class='ocrx_word' id='word_1_490' title='bbox 143 3350 210 3401; x_wconf 92' lang='lat' dir='ltr'>sunt</span> <span class='ocrx_word' id='word_1_491' title='bbox 225 3350 371 3401; x_wconf 89' lang='lat' dir='ltr'>consortes</span> <span class='ocrx_word' id='word_1_492' title='bbox 387 3348 437 3413; x_wconf 84' lang='lat' dir='ltr'>tui,</span> <span class='ocrx_word' id='word_1_493' title='bbox 451 3346 479 3400; x_wconf 88' lang='lat' dir='ltr'>id</span> <span class='ocrx_word' id='word_1_494' title='bbox 491 3349 534 3400; x_wconf 90' lang='lat' dir='ltr'>est</span> <span class='ocrx_word' id='word_1_495' title='bbox 546 3346 713 3401; x_wconf 79' lang='lat' dir='ltr'>cohaeredes</span> <span class='ocrx_word' id='word_1_496' title='bbox 726 3349 755 3401; x_wconf 93' lang='lat' dir='ltr'>et</span> <span class='ocrx_word' id='word_1_497' title='bbox 770 3345 884 3417; x_wconf 82' lang='lat' dir='ltr'>perlici·</span> <span class='ocrx_word' id='word_1_498' title='bbox 936 3351 989 3413; x_wconf 90' lang='lat' dir='ltr'>sel,</span> <span class='ocrx_word' id='word_1_499' title='bbox 998 3363 1057 3418; x_wconf 81' lang='lat' dir='ltr'>pra</span> <span class='ocrx_word' id='word_1_500' title='bbox 1067 3346 1242 3401; x_wconf 82' lang='lat' dir='ltr'>consortibus.</span> <span class='ocrx_word' id='word_1_501' title='bbox 1265 3344 1306 3399; x_wconf 90' lang='lat' dir='ltr'>Ob</span> <span class='ocrx_word' id='word_1_502' title='bbox 1320 3345 1374 3398; x_wconf 93' lang='lat' dir='ltr'>hoc</span> <span class='ocrx_word' id='word_1_503' title='bbox 1387 3360 1454 3398; x_wconf 89' lang='lat' dir='ltr'>vero</span> <span class='ocrx_word' id='word_1_504' title='bbox 1464 3349 1606 3415; x_wconf 81' lang='lat' dir='ltr'>qtrmreret</span> <span class='ocrx_word' id='word_1_505' title='bbox 1621 3344 1736 3415; x_wconf 91' lang='lat' dir='ltr'>aliquis:</span> 
     </span>
     <span class='ocr_line' id='line_1_36' title="bbox 80 3433 1740 3508; baseline -0.001 -19"><span class='ocrx_word' id='word_1_506' title='bbox 80 3451 132 3508; x_wconf 86' lang='lat' dir='ltr'>pes</span> <span class='ocrx_word' id='word_1_507' title='bbox 146 3435 306 3490; x_wconf 87' lang='lat' dir='ltr'>sanctitatis</span> <span class='ocrx_word' id='word_1_508' title='bbox 320 3438 386 3489; x_wconf 76' lang='lat' dir='ltr'>trra.</span> <span class='ocrx_word' id='word_1_509' title='bbox 400 3435 414 3489; x_wconf 87' lang='lat' dir='ltr'>J</span> <span class='ocrx_word' id='word_1_510' title='bbox 418 3434 562 3488; x_wconf 83' lang='lat' dir='ltr'>urlaillud</span> <span class='ocrx_word' id='word_1_511' title='bbox 573 3434 701 3506; x_wconf 81' lang='lat' dir='ltr'>Apostoli</span> <span class='ocrx_word' id='word_1_512' title='bbox 711 3451 717 3488; x_wconf 73' lang='grc' dir='ltr'><strong><em>ε</em></strong></span> <span class='ocrx_word' id='word_1_513' title='bbox 729 3456 743 3483; x_wconf 81' lang='lat' dir='ltr'>u</span> <span class='ocrx_word' id='word_1_514' title='bbox 753 3433 886 3488; x_wconf 82' lang='lat' dir='ltr'>liaeredcs</span> <span class='ocrx_word' id='word_1_515' title='bbox 937 3436 1047 3492; x_wconf 89' lang='lat' dir='ltr'>Suntne</span> <span class='ocrx_word' id='word_1_516' title='bbox 1064 3439 1213 3490; x_wconf 89' lang='lat' dir='ltr'>consortes</span> <span class='ocrx_word' id='word_1_517' title='bbox 1225 3434 1407 3505; x_wconf 85' lang='lat' dir='ltr'>aliquatenus</span> <span class='ocrx_word' id='word_1_518' title='bbox 1423 3433 1500 3487; x_wconf 92' lang='lat' dir='ltr'>uncti</span> <span class='ocrx_word' id='word_1_519' title='bbox 1513 3433 1568 3488; x_wconf 91' lang='lat' dir='ltr'>oleo</span> <span class='ocrx_word' id='word_1_520' title='bbox 1583 3433 1693 3499; x_wconf 75' lang='lat' dir='ltr'>laetitia,</span> <span class='ocrx_word' id='word_1_521' title='bbox 1710 3433 1740 3488; x_wconf 93' lang='lat' dir='ltr'>id</span> 
     </span>
     <span class='ocr_line' id='line_1_37' title="bbox 81 3521 1739 3595; baseline -0.001 -18"><span class='ocrx_word' id='word_1_522' title='bbox 81 3523 200 3595; x_wconf 88' lang='lat' dir='ltr'>quidem</span> <span class='ocrx_word' id='word_1_523' title='bbox 215 3522 276 3591; x_wconf 86' lang='lat' dir='ltr'>Dei,</span> <span class='ocrx_word' id='word_1_524' title='bbox 291 3522 456 3578; x_wconf 80' lang='lat' dir='ltr'>cohaeredes</span> <span class='ocrx_word' id='word_1_525' title='bbox 479 3527 576 3576; x_wconf 88' lang='lat' dir='ltr'>autem</span> <span class='ocrx_word' id='word_1_526' title='bbox 591 3522 693 3577; x_wconf 87' lang='lat' dir='ltr'>Christi</span> <span class='ocrx_word' id='word_1_527' title='bbox 712 3521 805 3583; x_wconf 69' lang='lat' dir='ltr'>ilium.</span> <span class='ocrx_word' id='word_1_528' title='bbox 825 3538 884 3589; x_wconf 85' lang='lat' dir='ltr'>vru,</span> <span class='ocrx_word' id='word_1_529' title='bbox 936 3527 979 3579; x_wconf 86' lang='lat' dir='ltr'>est</span> <span class='ocrx_word' id='word_1_530' title='bbox 994 3524 1089 3595; x_wconf 88' lang='lat' dir='ltr'>gratia</span> <span class='ocrx_word' id='word_1_531' title='bbox 1101 3522 1237 3594; x_wconf 81' lang='lat' dir='ltr'>speciali?</span> <span class='ocrx_word' id='word_1_532' title='bbox 1257 3523 1300 3577; x_wconf 84' lang='lat' dir='ltr'>hd</span> <span class='ocrx_word' id='word_1_533' title='bbox 1316 3522 1371 3576; x_wconf 91' lang='lat' dir='ltr'>hoc</span> <span class='ocrx_word' id='word_1_534' title='bbox 1388 3525 1484 3576; x_wconf 89' lang='lat' dir='ltr'>autom</span> <span class='ocrx_word' id='word_1_535' title='bbox 1499 3521 1537 3576; x_wconf 91' lang='lat' dir='ltr'>sic</span> <span class='ocrx_word' id='word_1_536' title='bbox 1557 3522 1713 3593; x_wconf 87' lang='lat' dir='ltr'>respondet</span> <span class='ocrx_word' id='word_1_537' title='bbox 1731 3537 1739 3576; x_wconf 77' lang='lat' dir='ltr'>t</span> 
     </span>
     <span class='ocr_line' id='line_1_38' title="bbox 82 3608 1740 3683; baseline 0.001 -19"><span class='ocrx_word' id='word_1_538' title='bbox 82 3610 138 3683; x_wconf 72' lang='grc'>17).</span> <span class='ocrx_word' id='word_1_539' title='bbox 149 3632 162 3660; x_wconf 83' lang='grc' dir='ltr'>ιι</span> <span class='ocrx_word' id='word_1_540' title='bbox 175 3612 298 3666; x_wconf 89' lang='lat' dir='ltr'>Unctum</span> <span class='ocrx_word' id='word_1_541' title='bbox 313 3628 374 3666; x_wconf 89' lang='lat' dir='ltr'>esso</span> <span class='ocrx_word' id='word_1_542' title='bbox 389 3610 447 3665; x_wconf 91' lang='lat' dir='ltr'>oleo</span> <span class='ocrx_word' id='word_1_543' title='bbox 459 3609 537 3678; x_wconf 90' lang='lat' dir='ltr'>dicit,</span> <span class='ocrx_word' id='word_1_544' title='bbox 555 3625 572 3664; x_wconf 89' lang='lat' dir='ltr'>a</span> <span class='ocrx_word' id='word_1_545' title='bbox 594 3608 785 3664; x_wconf 89' lang='lat' dir='ltr'>similitudine</span> <span class='ocrx_word' id='word_1_546' title='bbox 810 3609 887 3662; x_wconf 91' lang='lat' dir='ltr'>illius</span> <span class='ocrx_word' id='word_1_547' title='bbox 936 3612 1007 3666; x_wconf 88' lang='lat' dir='ltr'>Vere</span> <span class='ocrx_word' id='word_1_548' title='bbox 1021 3611 1099 3665; x_wconf 83' lang='lat' dir='ltr'>tincti</span> <span class='ocrx_word' id='word_1_549' title='bbox 1115 3615 1181 3665; x_wconf 85' lang='lat' dir='ltr'>sunt</span> <span class='ocrx_word' id='word_1_550' title='bbox 1197 3611 1260 3666; x_wconf 89' lang='lat' dir='ltr'>oleo</span> <span class='ocrx_word' id='word_1_551' title='bbox 1271 3627 1278 3677; x_wconf 82' lang='lat'><em>3</em></span> <span class='ocrx_word' id='word_1_552' title='bbox 1288 3609 1452 3664; x_wconf 90' lang='lat' dir='ltr'>etiudehoc</span> <span class='ocrx_word' id='word_1_553' title='bbox 1467 3609 1740 3681; x_wconf 86' lang='lat' dir='ltr'>apparel‚quouiam</span> 
     </span>
     <span class='ocr_line' id='line_1_39' title="bbox 82 3697 1739 3772; baseline 0.001 -19"><span class='ocrx_word' id='word_1_554' title='bbox 82 3699 201 3772; x_wconf 85' lang='lat' dir='ltr'>quiolen</span> <span class='ocrx_word' id='word_1_555' title='bbox 230 3702 341 3754; x_wconf 87' lang='lat' dir='ltr'>sacrato</span> <span class='ocrx_word' id='word_1_556' title='bbox 371 3698 490 3769; x_wconf 86' lang='lat' dir='ltr'>ungitur</span> <span class='ocrx_word' id='word_1_557' title='bbox 514 3697 775 3753; x_wconf 85' lang='lat' dir='ltr'>utrcxelbciatur.</span> <span class='ocrx_word' id='word_1_558' title='bbox 799 3697 844 3751; x_wconf 91' lang='lat' dir='ltr'>Sic</span> <span class='ocrx_word' id='word_1_559' title='bbox 858 3698 887 3751; x_wconf 87' lang='lat' dir='ltr'>et</span> <span class='ocrx_word' id='word_1_560' title='bbox 938 3700 1133 3755; x_wconf 72' lang='lat' dir='ltr'>investimentis</span> <span class='ocrx_word' id='word_1_561' title='bbox 1151 3702 1212 3764; x_wconf 84' lang='lat' dir='ltr'>tuis,</span> <span class='ocrx_word' id='word_1_562' title='bbox 1230 3699 1260 3753; x_wconf 94' lang='lat' dir='ltr'>id</span> <span class='ocrx_word' id='word_1_563' title='bbox 1278 3701 1329 3763; x_wconf 90' lang='lat' dir='ltr'>est,</span> <span class='ocrx_word' id='word_1_564' title='bbox 1352 3699 1574 3766; x_wconf 90' lang='lat' dir='ltr'>aenusortibus‚</span> <span class='ocrx_word' id='word_1_565' title='bbox 1591 3699 1739 3769; x_wconf 87' lang='lat' dir='ltr'>quivesti-</span> 
     </span>
     <span class='ocr_line' id='line_1_40' title="bbox 85 3785 1742 3859; baseline -0.001 -17"><span class='ocrx_word' id='word_1_566' title='bbox 85 3787 214 3843; x_wconf 86' lang='lat' dir='ltr'>Christus</span> <span class='ocrx_word' id='word_1_567' title='bbox 228 3791 259 3842; x_wconf 92' lang='lat' dir='ltr'>ut</span> <span class='ocrx_word' id='word_1_568' title='bbox 273 3805 321 3842; x_wconf 84' lang='lat' dir='ltr'>rex</span> <span class='ocrx_word' id='word_1_569' title='bbox 335 3791 409 3841; x_wconf 88' lang='lat' dir='ltr'>esset</span> <span class='ocrx_word' id='word_1_570' title='bbox 424 3787 478 3841; x_wconf 86' lang='lat' dir='ltr'>oleo</span> <span class='ocrx_word' id='word_1_571' title='bbox 488 3787 589 3859; x_wconf 80' lang='lat' dir='ltr'>gratiae</span> <span class='ocrx_word' id='word_1_572' title='bbox 604 3785 770 3858; x_wconf 88' lang='lat' dir='ltr'>specialiset</span> <span class='ocrx_word' id='word_1_573' title='bbox 783 3786 888 3840; x_wconf 92' lang='lat' dir='ltr'>immu·</span> <span class='ocrx_word' id='word_1_574' title='bbox 937 3790 1037 3843; x_wconf 88' lang='lat' dir='ltr'>menta</span> <span class='ocrx_word' id='word_1_575' title='bbox 1048 3787 1190 3853; x_wconf 90' lang='lat' dir='ltr'>dicuntur,</span> <span class='ocrx_word' id='word_1_576' title='bbox 1207 3802 1241 3840; x_wconf 90' lang='lat' dir='ltr'>co</span> <span class='ocrx_word' id='word_1_577' title='bbox 1256 3785 1333 3857; x_wconf 87' lang='lat' dir='ltr'>quod</span> <span class='ocrx_word' id='word_1_578' title='bbox 1346 3789 1373 3839; x_wconf 88' lang='lat' dir='ltr'>te</span> <span class='ocrx_word' id='word_1_579' title='bbox 1385 3785 1441 3839; x_wconf 83' lang='lat' dir='ltr'>fide</span> <span class='ocrx_word' id='word_1_580' title='bbox 1455 3786 1596 3852; x_wconf 84' lang='lat' dir='ltr'>ambiunt,</span> <span class='ocrx_word' id='word_1_581' title='bbox 1606 3786 1742 3841; x_wconf 87' lang='lat' dir='ltr'>sieutres-</span> 
     </span>
     <span class='ocr_line' id='line_1_41' title="bbox 84 3873 1739 3946; baseline -0.002 -15"><span class='ocrx_word' id='word_1_582' title='bbox 84 3875 183 3931; x_wconf 86' lang='lat' dir='ltr'>nitatis</span> <span class='ocrx_word' id='word_1_583' title='bbox 202 3879 304 3930; x_wconf 88' lang='lat' dir='ltr'>unctus</span> <span class='ocrx_word' id='word_1_584' title='bbox 329 3876 510 3929; x_wconf 89' lang='lat' dir='ltr'>estaPatrc.</span> <span class='ocrx_word' id='word_1_585' title='bbox 537 3874 652 3928; x_wconf 84' lang='lat' dir='ltr'>Etinde</span> <span class='ocrx_word' id='word_1_586' title='bbox 677 3874 766 3929; x_wconf 91' lang='lat' dir='ltr'>videri</span> <span class='ocrx_word' id='word_1_587' title='bbox 794 3877 889 3945; x_wconf 84' lang='lat' dir='ltr'>potest</span> <span class='ocrx_word' id='word_1_588' title='bbox 938 3874 1330 3946; x_wconf 88' lang='lat' dir='ltr'>timentacorpusamhiuut,</span> <span class='ocrx_word' id='word_1_589' title='bbox 1355 3874 1465 3945; x_wconf 87' lang='lat' dir='ltr'>spirant</span> <span class='ocrx_word' id='word_1_590' title='bbox 1490 3874 1617 3944; x_wconf 78' lang='lat' dir='ltr'>myrrha,</span> <span class='ocrx_word' id='word_1_591' title='bbox 1635 3873 1664 3928; x_wconf 89' lang='lat' dir='ltr'>id</span> <span class='ocrx_word' id='word_1_592' title='bbox 1686 3877 1739 3940; x_wconf 90' lang='lat' dir='ltr'>est,</span> 
     </span>
     <span class='ocr_line' id='line_1_42' title="bbox 85 3946 1741 4036; baseline -0.001 -19"><span class='ocrx_word' id='word_1_593' title='bbox 85 3964 163 4036; x_wconf 89' lang='lat' dir='ltr'>quod</span> <span class='ocrx_word' id='word_1_594' title='bbox 177 3967 279 4017; x_wconf 89' lang='lat' dir='ltr'>unctus</span> <span class='ocrx_word' id='word_1_595' title='bbox 291 3966 334 4018; x_wconf 88' lang='lat' dir='ltr'>cst</span> <span class='ocrx_word' id='word_1_596' title='bbox 347 3962 402 4016; x_wconf 91' lang='lat' dir='ltr'>oleo</span> <span class='ocrx_word' id='word_1_597' title='bbox 415 3963 526 4020; x_wconf 67' lang='lat' dir='ltr'>letitiae.</span> <span class='ocrx_word' id='word_1_598' title='bbox 544 3962 617 4027; x_wconf 88' lang='lat' dir='ltr'>Quia</span> <span class='ocrx_word' id='word_1_599' title='bbox 638 3946 721 4033; x_wconf 75' lang='grc'>145</span> <span class='ocrx_word' id='word_1_600' title='bbox 728 3961 887 4032; x_wconf 64' lang='lat' dir='ltr'>myrrhata</span> <span class='ocrx_word' id='word_1_601' title='bbox 936 3964 1099 4036; x_wconf 81' lang='lat' dir='ltr'>virginitas3</span> <span class='ocrx_word' id='word_1_602' title='bbox 1113 3966 1141 4017; x_wconf 85' lang='lat' dir='ltr'>et</span> <span class='ocrx_word' id='word_1_603' title='bbox 1157 3964 1248 4034; x_wconf 88' lang='lat' dir='ltr'>gutta,</span> <span class='ocrx_word' id='word_1_604' title='bbox 1262 3961 1291 4015; x_wconf 92' lang='lat' dir='ltr'>id</span> <span class='ocrx_word' id='word_1_605' title='bbox 1302 3964 1344 4016; x_wconf 87' lang='lat' dir='ltr'>ost</span> <span class='ocrx_word' id='word_1_606' title='bbox 1354 3961 1501 4015; x_wconf 89' lang='lat' dir='ltr'>humilitas</span> <span class='ocrx_word' id='word_1_607' title='bbox 1512 3962 1554 4015; x_wconf 89' lang='lat' dir='ltr'>vel</span> <span class='ocrx_word' id='word_1_608' title='bbox 1566 3961 1695 4028; x_wconf 89' lang='lat' dir='ltr'>castitas;</span> <span class='ocrx_word' id='word_1_609' title='bbox 1712 3964 1741 4016; x_wconf 87' lang='lat' dir='ltr'>et</span> 
     </span>
     <span class='ocr_line' id='line_1_43' title="bbox 85 4048 1741 4125; baseline -0.003 -18"><span class='ocrx_word' id='word_1_610' title='bbox 85 4057 128 4108; x_wconf 86' lang='lat' dir='ltr'>est</span> <span class='ocrx_word' id='word_1_611' title='bbox 142 4053 402 4125; x_wconf 87' lang='lat' dir='ltr'>incorruptibilitas</span> <span class='ocrx_word' id='word_1_612' title='bbox 411 4056 475 4124; x_wconf 92' lang='lat' dir='ltr'>post</span> <span class='ocrx_word' id='word_1_613' title='bbox 483 4052 663 4123; x_wconf 78' lang='lat' dir='ltr'>passionem3</span> <span class='ocrx_word' id='word_1_614' title='bbox 679 4054 791 4119; x_wconf 81' lang='lat' dir='ltr'>eleusin,</span> <span class='ocrx_word' id='word_1_615' title='bbox 809 4052 888 4107; x_wconf 86' lang='lat' dir='ltr'>idest</span> <span class='ocrx_word' id='word_1_616' title='bbox 937 4053 1022 4121; x_wconf 86' lang='lat' dir='ltr'>casia,</span> <span class='ocrx_word' id='word_1_617' title='bbox 1035 4053 1064 4107; x_wconf 94' lang='lat' dir='ltr'>id</span> <span class='ocrx_word' id='word_1_618' title='bbox 1077 4055 1119 4106; x_wconf 87' lang='lat' dir='ltr'>est</span> <span class='ocrx_word' id='word_1_619' title='bbox 1134 4051 1215 4105; x_wconf 81' lang='lat' dir='ltr'>fides.</span> <span class='ocrx_word' id='word_1_620' title='bbox 1231 4050 1297 4104; x_wconf 87' lang='lat' dir='ltr'>Dico</span> <span class='ocrx_word' id='word_1_621' title='bbox 1321 4049 1425 4120; x_wconf 89' lang='lat' dir='ltr'>quoda</span> <span class='ocrx_word' id='word_1_622' title='bbox 1438 4048 1615 4106; x_wconf 87' lang='lat' dir='ltr'>vestimentis</span> <span class='ocrx_word' id='word_1_623' title='bbox 1630 4048 1741 4120; x_wconf 87' lang='lat' dir='ltr'>spirant</span> 
     </span>
     <span class='ocr_line' id='line_1_44' title="bbox 85 4136 1742 4210; baseline -0.002 -15"><span class='ocrx_word' id='word_1_624' title='bbox 85 4140 219 4196; x_wconf 85' lang='lat' dir='ltr'>exaltatio</span> <span class='ocrx_word' id='word_1_625' title='bbox 231 4140 406 4195; x_wconf 84' lang='lat' dir='ltr'>ascensionis</span> <span class='ocrx_word' id='word_1_626' title='bbox 420 4141 449 4194; x_wconf 92' lang='lat' dir='ltr'>in</span> <span class='ocrx_word' id='word_1_627' title='bbox 461 4142 584 4209; x_wconf 80' lang='lat' dir='ltr'>coelum3</span> <span class='ocrx_word' id='word_1_628' title='bbox 601 4147 626 4194; x_wconf 91' lang='lat' dir='ltr'>et</span> <span class='ocrx_word' id='word_1_629' title='bbox 634 4146 721 4210; x_wconf 76' lang='lat' dir='ltr'>gutta,</span> <span class='ocrx_word' id='word_1_630' title='bbox 737 4140 765 4194; x_wconf 91' lang='lat' dir='ltr'>id</span> <span class='ocrx_word' id='word_1_631' title='bbox 781 4144 823 4194; x_wconf 91' lang='lat' dir='ltr'>est</span> <span class='ocrx_word' id='word_1_632' title='bbox 838 4142 889 4195; x_wconf 91' lang='lat' dir='ltr'>hu·</span> <span class='ocrx_word' id='word_1_633' title='bbox 937 4142 1009 4208; x_wconf 80' lang='lat' dir='ltr'>haee,</span> <span class='ocrx_word' id='word_1_634' title='bbox 1025 4141 1157 4197; x_wconf 86' lang='lat' dir='ltr'>sciliceta</span> <span class='ocrx_word' id='word_1_635' title='bbox 1168 4138 1302 4193; x_wconf 87' lang='lat' dir='ltr'>domibus</span> <span class='ocrx_word' id='word_1_636' title='bbox 1315 4136 1460 4204; x_wconf 86' lang='lat' dir='ltr'>eburneis,</span> <span class='ocrx_word' id='word_1_637' title='bbox 1474 4136 1503 4191; x_wconf 90' lang='lat' dir='ltr'>id</span> <span class='ocrx_word' id='word_1_638' title='bbox 1514 4140 1557 4192; x_wconf 87' lang='lat' dir='ltr'>est</span> <span class='ocrx_word' id='word_1_639' title='bbox 1572 4155 1588 4191; x_wconf 91' lang='lat' dir='ltr'>a</span> <span class='ocrx_word' id='word_1_640' title='bbox 1603 4137 1742 4191; x_wconf 89' lang='lat' dir='ltr'>consorti·</span> 
     </span>
     <span class='ocr_line' id='line_1_45' title="bbox 84 4226 1740 4302; baseline -0.002 -18"><span class='ocrx_word' id='word_1_641' title='bbox 84 4229 192 4284; x_wconf 89' lang='lat' dir='ltr'>militas</span> <span class='ocrx_word' id='word_1_642' title='bbox 214 4229 243 4283; x_wconf 93' lang='lat' dir='ltr'>in</span> <span class='ocrx_word' id='word_1_643' title='bbox 267 4228 410 4301; x_wconf 90' lang='lat' dir='ltr'>passione,</span> <span class='ocrx_word' id='word_1_644' title='bbox 436 4228 588 4301; x_wconf 89' lang='lat' dir='ltr'>spirabunt</span> <span class='ocrx_word' id='word_1_645' title='bbox 607 4247 623 4281; x_wconf 87' lang='lat' dir='ltr'>e</span> <span class='ocrx_word' id='word_1_646' title='bbox 646 4230 805 4284; x_wconf 80' lang='lat' dir='ltr'>uestimentis</span> <span class='ocrx_word' id='word_1_647' title='bbox 824 4232 885 4284; x_wconf 89' lang='lat' dir='ltr'>tuis.</span> <span class='ocrx_word' id='word_1_648' title='bbox 937 4230 1000 4297; x_wconf 89' lang='lat' dir='ltr'>bus,</span> <span class='ocrx_word' id='word_1_649' title='bbox 1016 4229 1064 4302; x_wconf 92' lang='lat' dir='ltr'>qui</span> <span class='ocrx_word' id='word_1_650' title='bbox 1079 4226 1472 4283; x_wconf 87' lang='lat' dir='ltr'>etvestimcutadicunturet</span> <span class='ocrx_word' id='word_1_651' title='bbox 1485 4226 1740 4294; x_wconf 81' lang='lat' dir='ltr'>domuscburuere,</span> 
     </span>
     <span class='ocr_line' id='line_1_46' title="bbox 85 4314 1742 4390; baseline -0.001 -19"><span class='ocrx_word' id='word_1_652' title='bbox 85 4319 228 4372; x_wconf 87' lang='lat' dir='ltr'>Pluralem</span> <span class='ocrx_word' id='word_1_653' title='bbox 251 4317 332 4389; x_wconf 91' lang='lat' dir='ltr'>ponit</span> <span class='ocrx_word' id='word_1_654' title='bbox 349 4333 402 4388; x_wconf 86' lang='lat' dir='ltr'>pro</span> <span class='ocrx_word' id='word_1_655' title='bbox 425 4316 574 4388; x_wconf 82' lang='lat' dir='ltr'>singulari,</span> <span class='ocrx_word' id='word_1_656' title='bbox 590 4315 768 4371; x_wconf 84' lang='lat' dir='ltr'>vestimentis</span> <span class='ocrx_word' id='word_1_657' title='bbox 784 4317 889 4373; x_wconf 85' lang='lat' dir='ltr'>scilicet</span> <span class='ocrx_word' id='word_1_658' title='bbox 937 4334 989 4390; x_wconf 90' lang='lat' dir='ltr'>per</span> <span class='ocrx_word' id='word_1_659' title='bbox 1003 4315 1328 4385; x_wconf 87' lang='lat' dir='ltr'>similitudinemutjam</span> <span class='ocrx_word' id='word_1_660' title='bbox 1343 4314 1452 4368; x_wconf 91' lang='lat' dir='ltr'>dictum</span> <span class='ocrx_word' id='word_1_661' title='bbox 1468 4318 1519 4368; x_wconf 91' lang='lat' dir='ltr'>cst.</span> <span class='ocrx_word' id='word_1_662' title='bbox 1537 4316 1574 4368; x_wconf 85' lang='lat' dir='ltr'>Ex</span> <span class='ocrx_word' id='word_1_663' title='bbox 1591 4314 1742 4387; x_wconf 88' lang='lat' dir='ltr'>quihus,id</span> 
     </span>
     <span class='ocr_line' id='line_1_47' title="bbox 84 4401 1744 4479; baseline -0.002 -18"><span class='ocrx_word' id='word_1_664' title='bbox 84 4421 136 4476; x_wconf 89' lang='lat' dir='ltr'>pro</span> <span class='ocrx_word' id='word_1_665' title='bbox 152 4405 333 4460; x_wconf 84' lang='lat' dir='ltr'>vestimento.</span> <span class='ocrx_word' id='word_1_666' title='bbox 351 4405 433 4469; x_wconf 83' lang='lat' dir='ltr'>Quod</span> <span class='ocrx_word' id='word_1_667' title='bbox 454 4408 496 4460; x_wconf 88' lang='lat' dir='ltr'>est</span> <span class='ocrx_word' id='word_1_668' title='bbox 519 4405 613 4460; x_wconf 89' lang='lat' dir='ltr'>dicere</span> <span class='ocrx_word' id='word_1_669' title='bbox 629 4421 635 4458; x_wconf 92' lang='lat'>:</span> <span class='ocrx_word' id='word_1_670' title='bbox 652 4405 693 4459; x_wconf 84' lang='lat' dir='ltr'>hb</span> <span class='ocrx_word' id='word_1_671' title='bbox 706 4405 887 4479; x_wconf 79' lang='lat' dir='ltr'>humanitate</span> <span class='ocrx_word' id='word_1_672' title='bbox 938 4409 990 4471; x_wconf 90' lang='lat' dir='ltr'>est,</span> <span class='ocrx_word' id='word_1_673' title='bbox 1006 4406 1124 4477; x_wconf 85' lang='lat' dir='ltr'>myrrha</span> <span class='ocrx_word' id='word_1_674' title='bbox 1134 4408 1163 4459; x_wconf 90' lang='lat' dir='ltr'>et</span> <span class='ocrx_word' id='word_1_675' title='bbox 1178 4406 1296 4475; x_wconf 89' lang='lat' dir='ltr'>guttaet</span> <span class='ocrx_word' id='word_1_676' title='bbox 1311 4401 1397 4469; x_wconf 89' lang='lat' dir='ltr'>casia,</span> <span class='ocrx_word' id='word_1_677' title='bbox 1410 4401 1575 4455; x_wconf 86' lang='lat' dir='ltr'>delectabunt</span> <span class='ocrx_word' id='word_1_678' title='bbox 1590 4409 1614 4456; x_wconf 88' lang='lat' dir='ltr'>te</span> <span class='ocrx_word' id='word_1_679' title='bbox 1627 4404 1692 4472; x_wconf 80' lang='lat' dir='ltr'>fitia</span> <span class='ocrx_word' id='word_1_680' title='bbox 1704 4419 1744 4457; x_wconf 86' lang='lat' dir='ltr'>re-</span> 
     </span>
     <span class='ocr_line' id='line_1_48' title="bbox 83 4491 1555 4566; baseline -0.002 -18"><span class='ocrx_word' id='word_1_681' title='bbox 83 4498 143 4561; x_wconf 85' lang='lat' dir='ltr'>tua,</span> <span class='ocrx_word' id='word_1_682' title='bbox 155 4510 219 4566; x_wconf 79' lang='lat' dir='ltr'>quae</span> <span class='ocrx_word' id='word_1_683' title='bbox 228 4493 331 4547; x_wconf 90' lang='lat' dir='ltr'>dicitur</span> <span class='ocrx_word' id='word_1_684' title='bbox 343 4494 548 4548; x_wconf 88' lang='lat' dir='ltr'>vestimentum</span> <span class='ocrx_word' id='word_1_685' title='bbox 556 4493 720 4561; x_wconf 87' lang='lat' dir='ltr'>divinitatis,</span> <span class='ocrx_word' id='word_1_686' title='bbox 729 4510 762 4548; x_wconf 91' lang='lat' dir='ltr'>co</span> <span class='ocrx_word' id='word_1_687' title='bbox 772 4495 849 4566; x_wconf 92' lang='lat' dir='ltr'>quod</span> <span class='ocrx_word' id='word_1_688' title='bbox 858 4495 886 4550; x_wconf 89' lang='lat' dir='ltr'>in</span> <span class='ocrx_word' id='word_1_689' title='bbox 936 4512 999 4564; x_wconf 76' lang='lat' dir='ltr'>gum</span> <span class='ocrx_word' id='word_1_690' title='bbox 1016 4496 1043 4547; x_wconf 89' lang='lat' dir='ltr'>in</span> <span class='ocrx_word' id='word_1_691' title='bbox 1055 4495 1152 4547; x_wconf 85' lang='lat' dir='ltr'>bonore</span> <span class='ocrx_word' id='word_1_692' title='bbox 1168 4500 1229 4546; x_wconf 88' lang='lat' dir='ltr'>tuo:</span> <span class='ocrx_word' id='word_1_693' title='bbox 1245 4491 1306 4545; x_wconf 79' lang='lat' dir='ltr'>hac</span> <span class='ocrx_word' id='word_1_694' title='bbox 1322 4506 1381 4545; x_wconf 90' lang='lat' dir='ltr'>non</span> <span class='ocrx_word' id='word_1_695' title='bbox 1397 4493 1555 4545; x_wconf 89' lang='lat' dir='ltr'>mutantur.</span> 
     </span>
    </p>

    <p class='ocr_par' dir='ltr' id='par_1_5' title="bbox 48 4579 1743 5451">
     <span class='ocr_line' id='line_1_49' title="bbox 84 4579 1743 4654; baseline 0.001 -16"><span class='ocrx_word' id='word_1_696' title='bbox 84 4598 119 4638; x_wconf 85' lang='lat' dir='ltr'>ea</span> <span class='ocrx_word' id='word_1_697' title='bbox 141 4584 230 4637; x_wconf 91' lang='lat' dir='ltr'>lateat</span> <span class='ocrx_word' id='word_1_698' title='bbox 242 4585 270 4636; x_wconf 87' lang='lat' dir='ltr'>et</span> <span class='ocrx_word' id='word_1_699' title='bbox 293 4581 320 4636; x_wconf 89' lang='lat' dir='ltr'>ei</span> <span class='ocrx_word' id='word_1_700' title='bbox 341 4583 585 4653; x_wconf 86' lang='lat' dir='ltr'>conjungatur,ut</span> <span class='ocrx_word' id='word_1_701' title='bbox 600 4582 887 4640; x_wconf 83' lang='lat' dir='ltr'>intrarostimentum</span> <span class='ocrx_word' id='word_1_702' title='bbox 972 4581 1088 4652; x_wconf 76' lang='lat' dir='ltr'>Myrrha</span> <span class='ocrx_word' id='word_1_703' title='bbox 1097 4580 1225 4654; x_wconf 87' lang='lat' dir='ltr'>quidem,</span> <span class='ocrx_word' id='word_1_704' title='bbox 1240 4579 1306 4652; x_wconf 87' lang='lat' dir='ltr'>quia</span> <span class='ocrx_word' id='word_1_705' title='bbox 1316 4595 1501 4634; x_wconf 88' lang='lat' dir='ltr'>camemase</span> <span class='ocrx_word' id='word_1_706' title='bbox 1515 4585 1633 4637; x_wconf 88' lang='lat' dir='ltr'>unctam</span> <span class='ocrx_word' id='word_1_707' title='bbox 1649 4581 1743 4639; x_wconf 83' lang='lat' dir='ltr'>incor-</span> 
     </span>
     <span class='ocr_line' id='line_1_50' title="bbox 83 4666 1742 4743; baseline 0 -18"><span class='ocrx_word' id='word_1_708' title='bbox 83 4687 188 4743; x_wconf 91' lang='lat' dir='ltr'>eorpus</span> <span class='ocrx_word' id='word_1_709' title='bbox 201 4672 271 4725; x_wconf 90' lang='lat' dir='ltr'>latet</span> <span class='ocrx_word' id='word_1_710' title='bbox 284 4670 344 4725; x_wconf 90' lang='lat' dir='ltr'>etei</span> <span class='ocrx_word' id='word_1_711' title='bbox 355 4670 551 4743; x_wconf 87' lang='lat' dir='ltr'>conjungitur,</span> <span class='ocrx_word' id='word_1_712' title='bbox 568 4670 741 4727; x_wconf 86' lang='lat' dir='ltr'>redolebunt</span> <span class='ocrx_word' id='word_1_713' title='bbox 756 4671 888 4728; x_wconf 80' lang='lat' dir='ltr'>fidelihus</span> <span class='ocrx_word' id='word_1_714' title='bbox 937 4670 1103 4743; x_wconf 87' lang='lat' dir='ltr'>ruptibilem</span> <span class='ocrx_word' id='word_1_715' title='bbox 1116 4669 1194 4737; x_wconf 91' lang='lat' dir='ltr'>lacit,</span> <span class='ocrx_word' id='word_1_716' title='bbox 1209 4684 1261 4739; x_wconf 90' lang='lat' dir='ltr'>pro</span> <span class='ocrx_word' id='word_1_717' title='bbox 1273 4666 1437 4738; x_wconf 84' lang='lat' dir='ltr'>virginitate</span> <span class='ocrx_word' id='word_1_718' title='bbox 1449 4667 1577 4739; x_wconf 89' lang='lat' dir='ltr'>ponitur,</span> <span class='ocrx_word' id='word_1_719' title='bbox 1587 4685 1640 4741; x_wconf 86' lang='lat' dir='ltr'>per</span> <span class='ocrx_word' id='word_1_720' title='bbox 1653 4687 1742 4742; x_wconf 89' lang='lat' dir='ltr'>quam</span> 
     </span>
     <span class='ocr_line' id='line_1_51' title="bbox 84 4754 1740 4831; baseline 0.001 -19"><span class='ocrx_word' id='word_1_721' title='bbox 84 4758 142 4813; x_wconf 88' lang='lat' dir='ltr'>tuis</span> <span class='ocrx_word' id='word_1_722' title='bbox 156 4759 414 4829; x_wconf 86' lang='lat' dir='ltr'>incorruptibilitas</span> <span class='ocrx_word' id='word_1_723' title='bbox 428 4761 458 4813; x_wconf 86' lang='lat' dir='ltr'>et</span> <span class='ocrx_word' id='word_1_724' title='bbox 472 4758 607 4814; x_wconf 86' lang='lat' dir='ltr'>exaltatio</span> <span class='ocrx_word' id='word_1_725' title='bbox 630 4761 695 4830; x_wconf 86' lang='lat' dir='ltr'>post</span> <span class='ocrx_word' id='word_1_726' title='bbox 710 4759 886 4831; x_wconf 88' lang='lat' dir='ltr'>passionem,</span> <span class='ocrx_word' id='word_1_727' title='bbox 937 4775 1003 4814; x_wconf 91' lang='lat' dir='ltr'>caro</span> <span class='ocrx_word' id='word_1_728' title='bbox 1016 4759 1183 4828; x_wconf 88' lang='lat' dir='ltr'>incorrupta</span> <span class='ocrx_word' id='word_1_729' title='bbox 1195 4773 1212 4810; x_wconf 94' lang='lat' dir='ltr'>a</span> <span class='ocrx_word' id='word_1_730' title='bbox 1226 4754 1339 4811; x_wconf 79' lang='lat' dir='ltr'>luxuria</span> <span class='ocrx_word' id='word_1_731' title='bbox 1351 4756 1456 4811; x_wconf 85' lang='lat' dir='ltr'>existit.</span> <span class='ocrx_word' id='word_1_732' title='bbox 1474 4757 1529 4810; x_wconf 90' lang='lat' dir='ltr'>Per</span> <span class='ocrx_word' id='word_1_733' title='bbox 1542 4764 1647 4826; x_wconf 75' lang='lat' dir='ltr'>guttam</span> <span class='ocrx_word' id='word_1_734' title='bbox 1662 4773 1740 4826; x_wconf 86' lang='lat' dir='ltr'>vero,</span> 
     </span>
     <span class='ocr_line' id='line_1_52' title="bbox 82 4843 1740 4920; baseline -0.002 -19"><span class='ocrx_word' id='word_1_735' title='bbox 82 4849 112 4901; x_wconf 86' lang='lat' dir='ltr'>et</span> <span class='ocrx_word' id='word_1_736' title='bbox 125 4847 271 4902; x_wconf 87' lang='lat' dir='ltr'>humilitas</span> <span class='ocrx_word' id='word_1_737' title='bbox 282 4847 417 4902; x_wconf 89' lang='lat' dir='ltr'>habenda</span> <span class='ocrx_word' id='word_1_738' title='bbox 430 4847 459 4901; x_wconf 94' lang='lat' dir='ltr'>in</span> <span class='ocrx_word' id='word_1_739' title='bbox 474 4847 625 4919; x_wconf 89' lang='lat' dir='ltr'>passione:</span> <span class='ocrx_word' id='word_1_740' title='bbox 650 4849 680 4901; x_wconf 89' lang='lat' dir='ltr'>et</span> <span class='ocrx_word' id='word_1_741' title='bbox 695 4850 827 4920; x_wconf 80' lang='lat' dir='ltr'>exemplo</span> <span class='ocrx_word' id='word_1_742' title='bbox 844 4849 886 4904; x_wconf 90' lang='lat' dir='ltr'>tui</span> <span class='ocrx_word' id='word_1_743' title='bbox 938 4865 994 4920; x_wconf 88' lang='lat' dir='ltr'>qua</span> <span class='ocrx_word' id='word_1_744' title='bbox 1008 4863 1118 4901; x_wconf 79' lang='lat' dir='ltr'>venena</span> <span class='ocrx_word' id='word_1_745' title='bbox 1132 4844 1453 4915; x_wconf 89' lang='lat' dir='ltr'>omniadeprimuntur,</span> <span class='ocrx_word' id='word_1_746' title='bbox 1466 4843 1590 4898; x_wconf 88' lang='lat' dir='ltr'>charitas</span> <span class='ocrx_word' id='word_1_747' title='bbox 1605 4844 1740 4916; x_wconf 89' lang='lat' dir='ltr'>intelllgi-</span> 
     </span>
     <span class='ocr_line' id='line_1_53' title="bbox 82 4931 1739 5007; baseline -0.001 -18"><span class='ocrx_word' id='word_1_748' title='bbox 82 4935 200 5007; x_wconf 83' lang='lat' dir='ltr'>myrrha</span> <span class='ocrx_word' id='word_1_749' title='bbox 213 4940 242 4991; x_wconf 87' lang='lat' dir='ltr'>et</span> <span class='ocrx_word' id='word_1_750' title='bbox 254 4939 376 5007; x_wconf 81' lang='lat' dir='ltr'>gutlaci</span> <span class='ocrx_word' id='word_1_751' title='bbox 391 4936 468 4990; x_wconf 87' lang='lat' dir='ltr'>casia</span> <span class='ocrx_word' id='word_1_752' title='bbox 480 4936 656 5007; x_wconf 87' lang='lat' dir='ltr'>spirahuuto</span> <span class='ocrx_word' id='word_1_753' title='bbox 673 4935 797 4990; x_wconf 80' lang='lat' dir='ltr'>darnibus</span> <span class='ocrx_word' id='word_1_754' title='bbox 812 4937 887 4991; x_wconf 84' lang='lat' dir='ltr'>ebur·</span> <span class='ocrx_word' id='word_1_755' title='bbox 937 4939 993 5002; x_wconf 89' lang='lat' dir='ltr'>tur,</span> <span class='ocrx_word' id='word_1_756' title='bbox 1009 4949 1160 5007; x_wconf 90' lang='lat' dir='ltr'>perquem</span> <span class='ocrx_word' id='word_1_757' title='bbox 1174 4931 1273 4988; x_wconf 89' lang='lat' dir='ltr'>omnia</span> <span class='ocrx_word' id='word_1_758' title='bbox 1288 4932 1544 4987; x_wconf 81' lang='lat' dir='ltr'>venenavitiorum</span> <span class='ocrx_word' id='word_1_759' title='bbox 1554 4931 1739 5002; x_wconf 84' lang='lat' dir='ltr'>exstinguun-</span> 
     </span>
     <span class='ocr_line' id='line_1_54' title="bbox 81 5017 1741 5094; baseline -0.002 -16"><span class='ocrx_word' id='word_1_760' title='bbox 81 5026 146 5092; x_wconf 83' lang='lat' dir='ltr'>neis,</span> <span class='ocrx_word' id='word_1_761' title='bbox 162 5024 191 5078; x_wconf 92' lang='lat' dir='ltr'>id</span> <span class='ocrx_word' id='word_1_762' title='bbox 205 5029 247 5079; x_wconf 90' lang='lat' dir='ltr'>est</span> <span class='ocrx_word' id='word_1_763' title='bbox 258 5024 332 5079; x_wconf 89' lang='lat' dir='ltr'>bone</span> <span class='ocrx_word' id='word_1_764' title='bbox 356 5025 530 5080; x_wconf 89' lang='lat' dir='ltr'>redolebunt</span> <span class='ocrx_word' id='word_1_765' title='bbox 557 5023 609 5079; x_wconf 93' lang='lat' dir='ltr'>tibi</span> <span class='ocrx_word' id='word_1_766' title='bbox 638 5024 802 5080; x_wconf 83' lang='lat' dir='ltr'>infidelibus</span> <span class='ocrx_word' id='word_1_767' title='bbox 817 5025 884 5094; x_wconf 90' lang='lat' dir='ltr'>tuis,</span> <span class='ocrx_word' id='word_1_768' title='bbox 935 5026 992 5078; x_wconf 86' lang='lat' dir='ltr'>tur.</span> <span class='ocrx_word' id='word_1_769' title='bbox 1010 5025 1063 5078; x_wconf 90' lang='lat' dir='ltr'>Per</span> <span class='ocrx_word' id='word_1_770' title='bbox 1079 5024 1183 5076; x_wconf 82' lang='lat' dir='ltr'>ensium</span> <span class='ocrx_word' id='word_1_771' title='bbox 1197 5025 1306 5086; x_wconf 89' lang='lat' dir='ltr'>autem,</span> <span class='ocrx_word' id='word_1_772' title='bbox 1323 5037 1387 5091; x_wconf 79' lang='lat' dir='ltr'>quaa</span> <span class='ocrx_word' id='word_1_773' title='bbox 1398 5020 1427 5073; x_wconf 92' lang='lat' dir='ltr'>in</span> <span class='ocrx_word' id='word_1_774' title='bbox 1439 5017 1552 5090; x_wconf 85' lang='lat' dir='ltr'>aquosis</span> <span class='ocrx_word' id='word_1_775' title='bbox 1567 5018 1636 5073; x_wconf 88' lang='lat' dir='ltr'>locis</span> <span class='ocrx_word' id='word_1_776' title='bbox 1651 5020 1741 5075; x_wconf 89' lang='lat' dir='ltr'>nasei-</span> 
     </span>
     <span class='ocr_line' id='line_1_55' title="bbox 48 5106 1739 5185; baseline -0.001 -19"><span class='ocrx_word' id='word_1_777' title='bbox 48 5163 50 5166; x_wconf 86' lang='lat'>.</span> <span class='ocrx_word' id='word_1_778' title='bbox 81 5111 130 5184; x_wconf 86' lang='lat' dir='ltr'>qui</span> <span class='ocrx_word' id='word_1_779' title='bbox 145 5111 281 5167; x_wconf 89' lang='lat' dir='ltr'>dicuntur</span> <span class='ocrx_word' id='word_1_780' title='bbox 304 5113 406 5168; x_wconf 90' lang='lat' dir='ltr'>domus</span> <span class='ocrx_word' id='word_1_781' title='bbox 433 5117 500 5180; x_wconf 86' lang='lat' dir='ltr'>tuae,</span> <span class='ocrx_word' id='word_1_782' title='bbox 517 5129 551 5167; x_wconf 93' lang='lat' dir='ltr'>eo</span> <span class='ocrx_word' id='word_1_783' title='bbox 568 5112 647 5185; x_wconf 88' lang='lat' dir='ltr'>quod</span> <span class='ocrx_word' id='word_1_784' title='bbox 662 5112 692 5166; x_wconf 91' lang='lat' dir='ltr'>in</span> <span class='ocrx_word' id='word_1_785' title='bbox 707 5112 748 5168; x_wconf 88' lang='lat' dir='ltr'>eis</span> <span class='ocrx_word' id='word_1_786' title='bbox 763 5113 885 5170; x_wconf 80' lang='lat' dir='ltr'>habites:</span> <span class='ocrx_word' id='word_1_787' title='bbox 935 5116 993 5181; x_wconf 88' lang='lat' dir='ltr'>tur,</span> <span class='ocrx_word' id='word_1_788' title='bbox 1008 5111 1152 5183; x_wconf 87' lang='lat' dir='ltr'>baptisma</span> <span class='ocrx_word' id='word_1_789' title='bbox 1164 5111 1329 5165; x_wconf 82' lang='lat' dir='ltr'>denotatur.</span> <span class='ocrx_word' id='word_1_790' title='bbox 1347 5110 1401 5163; x_wconf 90' lang='lat' dir='ltr'>Per</span> <span class='ocrx_word' id='word_1_791' title='bbox 1416 5106 1560 5178; x_wconf 88' lang='lat' dir='ltr'>baptisma</span> <span class='ocrx_word' id='word_1_792' title='bbox 1574 5124 1641 5163; x_wconf 88' lang='lat' dir='ltr'>vero</span> <span class='ocrx_word' id='word_1_793' title='bbox 1657 5109 1739 5179; x_wconf 86' lang='lat' dir='ltr'>tides,</span> 
     </span>
     <span class='ocr_line' id='line_1_56' title="bbox 81 5194 1740 5274; baseline -0.001 -19"><span class='ocrx_word' id='word_1_794' title='bbox 81 5199 116 5255; x_wconf 87' lang='grc' dir='ltr'>Ει</span> <span class='ocrx_word' id='word_1_795' title='bbox 130 5199 277 5269; x_wconf 76' lang='lat' dir='ltr'>eburneae,</span> <span class='ocrx_word' id='word_1_796' title='bbox 300 5201 330 5255; x_wconf 91' lang='lat' dir='ltr'>id</span> <span class='ocrx_word' id='word_1_797' title='bbox 344 5205 387 5256; x_wconf 86' lang='lat' dir='ltr'>est</span> <span class='ocrx_word' id='word_1_798' title='bbox 411 5200 588 5274; x_wconf 81' lang='lat' dir='ltr'>perfectione</span> <span class='ocrx_word' id='word_1_799' title='bbox 610 5201 746 5256; x_wconf 88' lang='lat' dir='ltr'>virtutum</span> <span class='ocrx_word' id='word_1_800' title='bbox 761 5201 884 5258; x_wconf 87' lang='lat' dir='ltr'>nitentes</span> <span class='ocrx_word' id='word_1_801' title='bbox 935 5217 988 5274; x_wconf 89' lang='lat' dir='ltr'>per</span> <span class='ocrx_word' id='word_1_802' title='bbox 1003 5216 1091 5273; x_wconf 89' lang='lat' dir='ltr'>quam</span> <span class='ocrx_word' id='word_1_803' title='bbox 1107 5199 1144 5254; x_wconf 89' lang='lat' dir='ltr'>ad</span> <span class='ocrx_word' id='word_1_804' title='bbox 1159 5198 1304 5268; x_wconf 90' lang='lat' dir='ltr'>baptisma</span> <span class='ocrx_word' id='word_1_805' title='bbox 1324 5194 1502 5269; x_wconf 86' lang='lat' dir='ltr'>pervenitur,</span> <span class='ocrx_word' id='word_1_806' title='bbox 1525 5195 1648 5268; x_wconf 85' lang='lat' dir='ltr'>ideoque</span> <span class='ocrx_word' id='word_1_807' title='bbox 1663 5198 1740 5255; x_wconf 87' lang='lat' dir='ltr'>casia</span> 
     </span>
     <span class='ocr_line' id='line_1_57' title="bbox 81 5283 1738 5362; baseline -0.001 -18"><span class='ocrx_word' id='word_1_808' title='bbox 81 5294 111 5344; x_wconf 89' lang='lat' dir='ltr'>et</span> <span class='ocrx_word' id='word_1_809' title='bbox 125 5289 272 5345; x_wconf 73' lang='lat' dir='ltr'>candidas:</span> <span class='ocrx_word' id='word_1_810' title='bbox 291 5289 369 5362; x_wconf 89' lang='lat' dir='ltr'>quod</span> <span class='ocrx_word' id='word_1_811' title='bbox 379 5289 501 5361; x_wconf 87' lang='lat' dir='ltr'>contigit</span> <span class='ocrx_word' id='word_1_812' title='bbox 513 5289 554 5344; x_wconf 91' lang='lat' dir='ltr'>eis</span> <span class='ocrx_word' id='word_1_813' title='bbox 566 5304 619 5360; x_wconf 88' lang='lat' dir='ltr'>per</span> <span class='ocrx_word' id='word_1_814' title='bbox 637 5290 742 5345; x_wconf 86' lang='lat' dir='ltr'>multas</span> <span class='ocrx_word' id='word_1_815' title='bbox 754 5290 885 5346; x_wconf 84' lang='lat' dir='ltr'>anxieta-</span> <span class='ocrx_word' id='word_1_816' title='bbox 935 5305 987 5362; x_wconf 88' lang='lat' dir='ltr'>pro</span> <span class='ocrx_word' id='word_1_817' title='bbox 996 5286 1185 5360; x_wconf 86' lang='lat' dir='ltr'>ildeponitur.</span> <span class='ocrx_word' id='word_1_818' title='bbox 1200 5285 1367 5341; x_wconf 89' lang='lat' dir='ltr'>Notandum</span> <span class='ocrx_word' id='word_1_819' title='bbox 1379 5287 1475 5338; x_wconf 89' lang='lat' dir='ltr'>autem</span> <span class='ocrx_word' id='word_1_820' title='bbox 1487 5283 1564 5356; x_wconf 87' lang='lat' dir='ltr'>quod</span> <span class='ocrx_word' id='word_1_821' title='bbox 1574 5284 1738 5342; x_wconf 85' lang='lat' dir='ltr'>fidelesnou</span> 
     </span>
     <span class='ocr_line' id='line_1_58' title="bbox 79 5371 1739 5451; baseline -0.002 -18"><span class='ocrx_word' id='word_1_822' title='bbox 79 5378 124 5433; x_wconf 90' lang='lat' dir='ltr'>tes</span> <span class='ocrx_word' id='word_1_823' title='bbox 138 5380 224 5450; x_wconf 84' lang='lat' dir='ltr'>atque</span> <span class='ocrx_word' id='word_1_824' title='bbox 242 5378 365 5445; x_wconf 88' lang='lat' dir='ltr'>labores,</span> <span class='ocrx_word' id='word_1_825' title='bbox 387 5376 493 5433; x_wconf 89' lang='lat' dir='ltr'>scilicet</span> <span class='ocrx_word' id='word_1_826' title='bbox 508 5379 539 5432; x_wconf 90' lang='lat' dir='ltr'>ut</span> <span class='ocrx_word' id='word_1_827' title='bbox 564 5376 646 5432; x_wconf 91' lang='lat' dir='ltr'>nitidi</span> <span class='ocrx_word' id='word_1_828' title='bbox 660 5375 717 5432; x_wconf 81' lang='lat' dir='ltr'>siut</span> <span class='ocrx_word' id='word_1_829' title='bbox 740 5378 770 5433; x_wconf 91' lang='lat' dir='ltr'>in</span> <span class='ocrx_word' id='word_1_830' title='bbox 792 5378 859 5451; x_wconf 92' lang='lat' dir='ltr'>perl</span> <span class='ocrx_word' id='word_1_831' title='bbox 875 5409 887 5421; x_wconf 92' lang='lat'><strong>·</strong></span> <span class='ocrx_word' id='word_1_832' title='bbox 935 5378 1019 5444; x_wconf 88' lang='lat' dir='ltr'>lllios,</span> <span class='ocrx_word' id='word_1_833' title='bbox 1031 5374 1249 5442; x_wconf 88' lang='lat' dir='ltr'>scdllliasdicit,</span> <span class='ocrx_word' id='word_1_834' title='bbox 1261 5377 1294 5428; x_wconf 91' lang='lat' dir='ltr'>ut</span> <span class='ocrx_word' id='word_1_835' title='bbox 1308 5389 1358 5428; x_wconf 90' lang='lat' dir='ltr'>eos</span> <span class='ocrx_word' id='word_1_836' title='bbox 1372 5371 1506 5428; x_wconf 87' lang='lat' dir='ltr'>humiliet</span> <span class='ocrx_word' id='word_1_837' title='bbox 1524 5371 1598 5428; x_wconf 88' lang='lat' dir='ltr'>neiu</span> <span class='ocrx_word' id='word_1_838' title='bbox 1612 5390 1641 5429; x_wconf 86' lang='lat' dir='ltr'>se</span> <span class='ocrx_word' id='word_1_839' title='bbox 1651 5375 1739 5430; x_wconf 88' lang='lat' dir='ltr'>conil-</span> 
     </span>
    </p>
   </div>
   <div class='ocr_carea' id='block_1_5' title="bbox 79 5460 1740 5549">
    <p class='ocr_par' dir='ltr' id='par_1_6' title="bbox 79 5460 1740 5549">
     <span class='ocr_line' id='line_1_59' title="bbox 79 5460 1740 5549; baseline -0.002 -25"><span class='ocrx_word' id='word_1_840' title='bbox 79 5464 176 5535; x_wconf 83' lang='lat' dir='ltr'>ctioue</span> <span class='ocrx_word' id='word_1_841' title='bbox 189 5467 338 5541; x_wconf 83' lang='lat' dir='ltr'>virtutum,</span> <span class='ocrx_word' id='word_1_842' title='bbox 365 5465 438 5524; x_wconf 87' lang='lat' dir='ltr'>sicut</span> <span class='ocrx_word' id='word_1_843' title='bbox 463 5466 550 5529; x_wconf 83' lang='lat' dir='ltr'>ebur:</span> <span class='ocrx_word' id='word_1_844' title='bbox 574 5464 653 5545; x_wconf 81' lang='lat' dir='ltr'>quod</span> <span class='ocrx_word' id='word_1_845' title='bbox 671 5465 827 5549; x_wconf 78' lang='lat' dir='ltr'>campeius</span> <span class='ocrx_word' id='word_1_846' title='bbox 842 5465 887 5527; x_wconf 88' lang='lat' dir='ltr'>ui·</span> <span class='ocrx_word' id='word_1_847' title='bbox 936 5466 1017 5540; x_wconf 85' lang='lat' dir='ltr'>dant,</span> <span class='ocrx_word' id='word_1_848' title='bbox 1028 5481 1094 5524; x_wconf 90' lang='lat' dir='ltr'>cum</span> <span class='ocrx_word' id='word_1_849' title='bbox 1110 5462 1219 5522; x_wconf 84' lang='lat' dir='ltr'>debiles</span> <span class='ocrx_word' id='word_1_850' title='bbox 1231 5463 1288 5522; x_wconf 87' lang='lat' dir='ltr'>siut</span> <span class='ocrx_word' id='word_1_851' title='bbox 1302 5465 1332 5521; x_wconf 88' lang='lat' dir='ltr'>et</span> <span class='ocrx_word' id='word_1_852' title='bbox 1346 5460 1474 5539; x_wconf 83' lang='lat' dir='ltr'>fragiles,</span> <span class='ocrx_word' id='word_1_853' title='bbox 1489 5465 1518 5522; x_wconf 91' lang='lat' dir='ltr'>et</span> <span class='ocrx_word' id='word_1_854' title='bbox 1528 5461 1740 5537; x_wconf 70' lang='lat' dir='ltr'>adsidendum</span> 
     </span>
    </p>
   </div>
   <div class='ocr_carea' id='block_1_6' title="bbox 0 0 1892 5976">
    <p class='ocr_par' dir='ltr' id='par_1_7' title="bbox 0 0 1892 5976">
     <span class='ocr_line' id='line_1_60' title="bbox 0 0 1892 5976; baseline 0 0"><span class='ocrx_word' id='word_1_855' title='bbox 0 0 1892 5976; x_wconf 95' lang='lat' dir='ltr'> </span> 
     </span>
    </p>
   </div>
  </div>
 </body>
</html>
