3772 5976
91 247 146 311 297

879 239 971 301 tort

1696 242 1750 308 tet

89 375 290 450 longissimam
306 372 469 448 arripuisse,
486 375 518 430 ut
533 371 627 446 ipsum
639 368 897 429 Carthusiensisln-
909 379 937 440 Α
948 367 1045 425 autern
1061 363 1191 442 diploma
1198 364 1409 441 intelligiturde
1417 366 1593 428 monasterio
1601 369 1752 446 ltentaurt,

89 466 180 522 stituti
196 466 393 541 lundatorem,
405 465 435 519 in
449 481 547 519 cremo
560 463 699 519 Calabriae
712 469 780 518 tunc
792 462 898 534 degen-

89 560 162 619 tem,
179 555 281 621 adiret,
298 571 363 608 carru
382 572 416 608 co
431 554 465 608 de
483 553 672 608 observantiis
687 551 896 607 Carthusiensi·

90 644 143 699 bus
156 645 338 709 tractaturus,
366 646 394 696 ct
411 643 447 696 ab
472 641 559 713 ipsius
576 658 627 696 ore
650 641 809 706 auditurus,
828 639 898 712 quid

90 736 118 786 et
131 731 254 803 qualiter
266 731 295 784 iu
312 731 500 786 Canthusiana
516 731 735 785 conversatione
752 732 781 784 et
800 730 896 784 viven-

90 822 117 876 di
137 820 224 876 modo
254 823 328 875 esset
356 838 372 874 a
396 821 453 875 suis
467 822 579 876 asseclis
600 820 822 875 observandum.
836 819 897 874 Pri-

90 926 147 964 mae
164 926 234 980 ergo
250 909 507 964 Cartliusianorum
523 909 741 964 constitutiones
756 908 814 979 legi
829 924 896 979 gra·

88 998 136 1053 tiae
160 1014 219 1053 non
249 1001 334 1052 erant
365 997 535 1065 absimiles;
566 1015 636 1051 naut
662 997 757 1069 potius
785 997 897 1068 scriptae

87 1086 217 1141 arentin
235 1086 339 1140 tabulis
355 1086 448 1139 cordis
464 1085 635 1147 carnalibus,
649 1103 707 1141 non
725 1085 830 1151 littera,
845 1085 897 1141 sed

87 1175 200 1245 spiritu,
216 1191 304 1246 quarn
322 1176 351 1228 in
364 1175 566 1244 naanuanptts
579 1175 754 1229 codicibus»

126 1264 190 1318 489.
204 1264 246 1317 lta
260 1264 413 1328 Massonus,
429 1264 538 1316 unllam
564 1280 581 1317 a
602 1263 631 1317 S.
651 1264 788 1318 Brunone
812 1278 898 1334 regu-

89 1351 151 1406 lam
166 1351 303 1422 scriptam
334 1351 429 1417 luisse,
459 1351 579 1419 docens,
596 1369 654 1424 qua
667 1369 736 1406 sane
750 1352 779 1406 in
796 1368 826 1406 re
839 1367 899 1406 non

89 1457 208 1512 possum
222 1457 281 1495 nen
297 1440 322 1494 ei
336 1440 476 1507 assentiri,
489 1457 555 1495 cum
576 1440 602 1494 id
620 1458 637 1495 a
651 1445 750 1496 sancto
777 1441 897 1507 iactum,

88 1545 106 1583 a
122 1531 202 1584 nullo
217 1530 355 1583 hactenus
372 1530 510 1600 scriptore
526 1530 583 1584 sive
598 1529 752 1584 recentiori
768 1530 825 1584 sire
846 1547 897 1585 an-

87 1618 205 1690 tiquiori
236 1618 386 1672 memoriae
412 1618 560 1690 proditum
585 1618 756 1673 invenerim.
786 1621 836 1673 Ast
860 1635 897 1673 an

949 460 1026 531 quod
1042 458 1195 532 Squillacio
1207 458 1298 514 tribus
1313 457 1438 515 millibus
1447 459 1615 528 distabat,ut
1626 462 1752 523 fusiusin

948 549 1106 602 Annalibus
1122 546 1226 602 uostris
1239 547 1409 614 referemus,
1425 548 1473 604 ubi
1489 553 1688 624 utrorumque,
1702 552 1753 608 sci·

949 637 1014 691 licet
1038 637 1280 692 anachoretarum
1298 640 1326 691 et
1346 637 1557 693 coenobitarum
1576 638 1753 712 squillacen·

949 726 1263 794 sium,coustitutiones
1282 727 1452 782 referemus.
1481 727 1609 801 Denique
1638 729 1756 786 Cartha·

948 814 1054 870 sienses
1069 820 1136 869 ante
1161 815 1252 870 sancti
1274 816 1414 870 Brunonis
1427 817 1676 873 canonizationem
1692 835 1756 877 sen·

948 908 1026 959 ctum
1044 904 1230 959 Benedictum
1242 904 1270 959 in
1286 921 1337 959 sua
1348 905 1528 960 confessione
1544 909 1659 962 Patrem
1670 925 1755 964 suum

949 993 1093 1060 dicebant,
1124 994 1306 1064 retinentque
1330 993 1419 1048 etiam
1435 1011 1512 1049 nune
1534 995 1753 1066 dispositionem

949 1082 1035 1135 olticii
1052 1081 1139 1135 diuini
1154 1098 1188 1136 ex
1201 1083 1302 1152 regula
1328 1081 1418 1136 sancti
1432 1083 1590 1152 Benedicti,
1616 1084 1696 1156 cujus
1711 1085 1754 1147 la

949 1175 1024 1224 stum
1040 1170 1162 1224 solemni
1178 1186 1230 1242 pro
1247 1186 1329 1224 more
1344 1187 1394 1225 suo
1406 1171 1462 1225 ritu
1476 1188 1591 1242 semper
1620 1174 1753 1229 observa·

949 1258 1092 1311 rantulta
1109 1258 1246 1313 hactenus
1256 1257 1434 1313 ldabillonius
1449 1260 1627 1315 contendens
1640 1261 1668 1316 S.
1683 1263 1753 1319 Bru·

950 1363 1068 1415 nonem,
1083 1346 1130 1419 qui
1140 1363 1172 1401 ex
1188 1347 1271 1401 dictis
1287 1349 1529 1420 noramregnlam
1545 1350 1753 1420 noneondidit,
1780 1406 1784 1411 .

949 1436 1259 1510 particularemtamen
1275 1438 1405 1507 regulam
1420 1436 1476 1491 suis
1488 1438 1755 1511 praescripsisse,seu

949 1540 978 1579 so
989 1524 1198 1595 discipulosque
1207 1540 1272 1579 suos
1287 1523 1338 1579 uni
1346 1524 1461 1579 cuidam
1469 1526 1634 1598 particulari
1646 1528 1755 1600 regulae

949 1613 1122 1680 astrinxisse,
1137 1613 1270 1685 hancque
1295 1613 1323 1668 S.
1351 1613 1496 1669 Benedicti
1511 1616 1643 1686 regulam
1656 1615 1752 1673 inisse.

87 1706 161 1761 nulli
175 1706 285 1776 pariter
297 1706 404 1777 regulae
422 1723 455 1760 ex
471 1710 539 1762 ante
561 1707 681 1779 scriptis,
697 1724 749 1762 nec
763 1708 898 1762 nomina·
913 1701 1053 1761 BVerum
1070 1718 1146 1756 anne
1159 1704 1343 1774 argumenta,
1354 1719 1417 1774 quaa
1434 1702 1463 1756 in
1480 1704 1609 1759 medium
1625 1704 1753 1776 adducit,

87 1795 142 1849 tim
157 1794 361 1860 Benedictinae,
382 1811 442 1849 sese
461 1812 582 1868 suosque
597 1796 729 1851 astrinxit
741 1797 755 1851 ‘i
769 1796 897 1851 litabilio-

88 1883 155 1938 nius
167 1884 197 1937 iu
209 1883 304 1937 saeculi
324 1882 394 1936 sexti
409 1883 585 1938 Benedictini
601 1887 727 1956 partem
739 1884 897 1939 secundam

87 1972 261 2027 Praeiatione
279 1988 360 2025 num.
391 1974 423 2026 87
442 1971 481 2025 sic
508 1972 626 2026 scribit:
646 1973 756 2026 «Nunc
772 1974 897 2044 postulat

86 2061 176 2127 locus,
193 2064 225 2114 ut
250 2060 285 2114 de
312 2061 408 2132 prima
428 2061 529 2132 regula
555 2061 797 2115 Carthusiensium
826 2078 894 2132 aga·

87 2167 162 2217 mus,
187 2165 275 2221 quam
299 2153 414 2203 sanctus
435 2150 529 2203 Bruuo
545 2149 585 2203 eis
608 2149 788 2221 praescripsit,
813 2152 863 2204 ant
882 2179 893 2190 ·

86 2253 175 2308 quam
187 2237 282 2308 prima
294 2236 368 2290 illius
377 2236 758 2307 ordinisstatutaaGuigone
771 2237 800 2292 in
808 2239 894 2310 scrip

87 2331 119 2381 ta
133 2328 344 2400 redigerentur.
357 2329 435 2382 Hauc
448 2332 543 2383 autem
557 2331 688 2400 regulam
699 2329 790 2384 sancti
803 2330 893 2384 bene·

87 2415 159 2469 dicti
173 2415 269 2482 luisse,
287 2417 384 2470 multis
400 2417 703 2488 constatargumeutis.
722 2417 817 2473 Primo
827 2417 893 2472 Cui·

89 2520 128 2574 go
143 2504 204 2573 ipse
219 2508 327 2559 statuta
342 2522 392 2559 sua
404 2505 494 2559 edidit
513 2507 549 2561 ad
563 2510 693 2561 mentem
706 2506 791 2576 hujus
811 2523 895 2577 regu-

87 2593 135 2658 lae,
151 2597 183 2646 ut
197 2593 280 2648 docet
300 2593 446 2664 inscriptio
474 2595 645 2649 eurumdem
667 2597 840 2649 statutorum
863 2593 893 2651 iu

87 2681 187 2735 codice
200 2682 363 2742 Portarum,
390 2682 419 2735 in
435 2699 492 2754 quo
507 2683 557 2736 illa
575 2683 718 2737 habentur
730 2684 782 2738 sub
798 2683 851 2737 hoc
862 2680 895 2735 ti·

87 2770 151 2824 tulo
168 2787 175 2823 ι
191 2788 207 2822 ‹
221 2768 335 2824 Statuta
349 2769 486 2840 Cuigonis
499 2770 654 2824 Carthusiae
670 2770 772 2841 prioris
783 2773 811 2825 et
822 2770 893 2825 alio-

89 2876 106 2911 «
123 2874 190 2911 rum
213 2859 331 2913 Petrum
348 2860 430 2929 juxta
444 2860 576 2929 regulam
601 2859 690 2913 sancti
706 2858 894 2913 Benedicti.»

88 2945 173 3000 Unde
187 2943 276 3018 Guigo
289 2947 387 3018 ipsein
399 2947 569 3018 praefatione
585 2948 815 3003 suahaecstatuta
825 2947 893 3002 scri-

948 1808 1010 1845 rem
1026 1792 1110 1862 plane
1125 1791 1281 1845 evincunt?
1296 1790 1327 1845 ld
1346 1791 1482 1863 equidem
1502 1808 1560 1847 non
1578 1796 1665 1865 puto;
1690 1794 1752 1851 imo

948 1896 1013 1935 vero
1027 1897 1059 1934 cx
1074 1880 1161 1946 bisce,
1179 1896 1243 1951 quae
1269 1879 1358 1950 Guigo
1374 1879 1404 1933 iu
1421 1881 1601 1953 praelatione,
1626 1883 1751 1938 conscri-

947 1968 1003 2042 ptis
1017 1985 1103 2023 asese
1116 1967 1272 2023 Carthasim
1291 1968 1545 2024 consuetudinibus
1572 1987 1622 2025 seu
1641 1971 1752 2028 statutis

947 2057 1104 2129 praemissa,
1119 2057 1293 2129 suppeditat,
1311 2073 1431 2128 quaque
1451 2057 1630 2113 ldabillouius
1651 2075 1704 2131 pro
1720 2076 1750 2115 se

946 2146 1054 2214 laudat,
1070 2144 1256 2217 sequentibus
1276 2144 1367 2200 cerbis
1378 2160 1384 2197 :
1395 2147 1449 2198 «Α
1466 2161 1523 2217 quo
1539 2145 1656 2216 negotio
1673 2147 1752 2219 (con-

946 2233 1103 2288 scribendis
1119 2250 1224 2306 nempe
1254 2232 1409 2287 Carthasim
1426 2234 1689 2307 consuctudiniBus)
1705 2253 1751 2290 ra-

945 2321 1139 2389 tionabilibus,
1155 2324 1185 2376 ut
1199 2325 1344 2391 putamus,
1359 2321 1494 2377 decausis
1506 2322 1752 2382 diudissimulavi·

945 2427 1009 2465 mus
1021 2411 1152 2464 videlicet
1164 2410 1241 2481 quod
1252 2410 1295 2464 vel
1309 2409 1340 2463 iu
1352 2409 1560 2480 epistolisbeati
1571 2411 1749 2484 Hieronymi,

944 2499 987 2557 rel
1004 2499 1033 2551 in
1045 2499 1146 2570 regula
1160 2498 1238 2553 beati
1259 2497 1415 2565 Benedicti,
1431 2515 1480 2553 seu
1502 2498 1531 2553 in
1556 2499 1667 2556 coeteris
1681 2500 1748 2556 scri·

946 2587 1036 2659 pturis
1048 2586 1206 2641 autbeuieis
1216 2585 1406 2659 omniapene,
1416 2603 1479 2658 quaa
1492 2587 1538 2642 hic
1555 2587 1594 2660 (in
1603 2588 1752 2645 Carthusiu

946 2675 1095 2744 nimirum)
1109 2674 1241 2747 religiose
1267 2691 1352 2747 agere
1376 2676 1586 2743 consuevimus,
1609 2676 1750 2734 contineri

947 2763 1146 2830 credebamus,
1170 2783 1184 2812 u
1217 2763 1427 2817 consectarium
1451 2763 1546 2835 potius
1571 2763 1692 2832 ridetur,
1717 2768 1750 2820 ut

946 2851 1016 2906 nulli
1030 2867 1147 2922 prorsus
1159 2850 1325 2922 particulari
1338 2852 1447 2924 regulae
1457 2851 1486 2907 S.
1502 2853 1598 2907 Bruno
1615 2868 1675 2907 sese
1685 2869 1748 2910 suo·

946 2957 1015 3012 sque
1032 2940 1203 2994 astrinxerit.

89 3034 159 3087 bere
175 3051 204 3087 se
216 3034 355 3090 distmisse
371 3035 411 3089 ait
436 3057 449 3085 ιι
463 3035 541 3106 quod
565 3036 607 3088 rel
626 3035 655 3088 in
678 3035 804 3106 epistolis
819 2999 933 3089 beatiC
981 3031 1043 3084 491.
1067 3028 1151 3096 Audi,
1168 3029 1216 3101 qui
1229 3029 1373 3084 Massonus
1387 3029 1416 3083 in
1433 3045 1530 3100 opere,
1547 3029 1624 3102 quod
1640 3028 1750 3086 ordinis

90 3143 104 3170 a
122 3123 299 3194 Hieronymi,
325 3125 368 3177 rel
383 3123 414 3177 in
430 3123 617 3195 regulabeeti
634 3123 778 3179 Bededieti
802 3141 851 3179 sen
866 3125 896 3179 in
947 3117 1582 3190 Canthusiensisannalesinscripsit,rerbailla
1597 3134 1748 3174 commen·

88 3230 105 3263 ι
122 3212 233 3265 cacteris
246 3213 394 3283 seripturis
417 3211 598 3277 authenticis,
615 3212 714 3266 omnia
732 3228 816 3283 pene,
831 3230 896 3285 qum
946 3210 1032 3261 tetur.
1053 3194 1066 3257 ιί
1080 3206 1150 3262 Hinc
1167 3208 1192 3278 (e
1211 3205 1337 3262 recitatis
1363 3223 1468 3277 nempe
1488 3206 1623 3280 Guigouis
1644 3204 1748 3279 verbis)

89 3320 104 3347 a
118 3298 164 3353 hic
174 3299 318 3370 religiose,
335 3299 438 3371 inquit,
464 3317 549 3371 agere
574 3301 783 3368 consuevimus,
807 3300 897 3356 conti·
945 3295 1750 3368 patet,inquit,libertas,quaS.Brunoetsuceessoresejus

89 3408 104 3434 ιι
122 3385 184 3439 neri
199 3386 400 3441 credebamus.
414 3408 428 3436 n
446 3388 529 3442 Certe
541 3405 599 3442 non
609 3388 695 3442 aliam
708 3388 738 3442 in
751 3389 844 3459 capito
861 3391 894 3444 23
945 3386 1283 3458 volueruntpropositum
1295 3385 1455 3439 atmodum
1472 3385 1524 3440 sibi
1536 3385 1647 3441 vivendi
1661 3386 1750 3458 elige·

86 3473 244 3527 formulam
258 3474 543 3547 professionis,quam
558 3476 774 3531 Benedictinam
789 3492 894 3548 propo·
944 3473 1753 3551 re,ctcomponere,proutspiritusetprudentiasuggere·

87 3560 141 3614 nit.
158 3561 268 3615 Deinde
294 3562 439 3632 Eugenius
463 3565 498 3618 lll
523 3564 552 3617 in
565 3563 714 3636 privilegio
738 3563 894 3619 Carthusiae
944 3565 1052 3628 rent,et
1067 3580 1125 3617 non
1140 3579 1169 3616 se
1183 3563 1341 3633 astringere
1359 3563 1395 3617 ad
1408 3563 1470 3617 illas
1485 3565 1599 3635 regulas
1620 3582 1668 3619 seu
1682 3581 1752 3620 con·

86 3648 253 3711 Montisllei
264 3665 410 3716 concesso,
426 3651 534 3717 statuit,
559 3672 573 3700 «
587 3654 618 3705 ut
632 3652 703 3706 ordo
720 3650 895 3706 monasticus
944 3651 1106 3706 stitutiones
1121 3651 1277 3722 specificas,
1294 3668 1357 3723 quac
1380 3652 1409 3705 in
1423 3652 1507 3706 variis
1520 3652 1670 3708 ordinibus
1687 3671 1749 3710 mo-

88 3759 103 3788 ιι
118 3737 278 3815 secundum
304 3738 381 3792 beati
408 3738 553 3793 Benedicti
578 3741 720 3811 regulam,
758 3756 894 3795 normam
945 3739 1059 3795 nasticis
1083 3739 1141 3794 sire
1163 3739 1192 3793 in
1218 3739 1333 3794 Oriente
1346 3739 1402 3794 sire
1416 3740 1445 3793 in
1461 3741 1614 3796 Occidente
1621 3743 1684 3813 jam
1701 3743 1752 3797 du-

88 3848 102 3875 «
120 3812 236 3898 quoque
251 3827 280 3880 in
297 3826 492 3881 institutiones
507 3827 629 3882 fratrum
649 3828 894 3884 Carthusieusium
945 3828 1289 3883 dumiuerantcanditae.
1320 3828 1393 3882 Nihil
1407 3828 1458 3883 sibi
1484 3822 1570 3902 etegit
1599 3830 1628 3885 S.
1654 3833 1749 3887 Bruuo

88 3934 103 3962 ιι
117 3915 266 3986 perpetuis
278 3915 317 3969 ibr
331 3916 511 3986 temporibus
526 3917 729 3972 iuviolabiliter
744 3933 893 3972 conserve·
944 3934 996 3988 pro
1012 3917 1121 3972 rirendi
1140 3917 1239 3984 niodo,
1258 3917 1335 3988 quod
1352 3933 1410 3971 non
1427 3920 1501 3972 esset
1514 3919 1751 3974 sanctorumllie-

88 4024 102 4051 ιι
120 4005 177 4056 tur.
189 4024 203 4051 ι»
217 4005 261 4057 An
273 4004 335 4058 haec
346 4005 522 4060 Paschatisll
536 4006 662 4061 Lentino
678 4005 895 4077 Squillaciipost
944 4006 1069 4076 ronymi,
1093 4005 1240 4060 Benedicti
1261 4008 1290 4060 et
1307 4005 1431 4060 aliorum
1455 4006 1566 4077 scriptis
1588 4008 1748 4077 laudatum,

86 4094 221 4146 sanctum
237 4093 403 4148 Brunonem
424 4094 512 4166 priori
521 4094 661 4165 indulget,
675 4099 707 4148 ut
721 4095 750 4149 in
767 4096 892 4166 quadam
944 4094 1068 4150 sednon
1093 4093 1159 4149 ideo
1181 4094 1298 4148 illorum
1317 4094 1423 4165 regulis
1438 4111 1467 4148 se
1487 4094 1605 4163 addixit,
1619 4097 1751 4168 quamvis

86 4179 208 4233 ecclesia
220 4180 292 4250 juris
299 4183 469 4253 eremique.»
478 4183 553 4254 apud
563 4182 809 4255 squillaciumsita
820 4189 890 4253 erat,
943 4182 1011 4236 iude
1027 4182 1112 4238 veluti
1127 4182 1281 4253 spiritualis
1293 4182 1353 4252 apis
1364 4182 1521 4253 collegerit,
1541 4184 1616 4239 unde
1638 4187 1696 4240 mel
1721 4188 1750 4241 et

86 4268 299 4322 monasterium
314 4270 479 4337 constituat,
493 4292 506 4320 ιι
523 4274 553 4324 ut
575 4272 677 4325 iratres
695 4272 892 4327 austeritatem
904 4254 929 4311 Ῑ)
943 4286 1040 4326 ceram
1054 4271 1202 4342 propriam
1218 4273 1418 4340 componeret.
1431 4272 1492 4325 lton
1513 4289 1583 4344 ergo
1599 4274 1746 4346 imprope-

85 4373 102 4407 ιι
116 4356 208 4409 eremi
224 4355 300 4410 serre
326 4374 384 4411 non
399 4359 535 4425 ratcrrtes,
546 4359 628 4429 juata
655 4359 732 4413 beati
747 4359 891 4415 Benedicti
942 4359 1000 4413 rari
1014 4363 1107 4432 potest
1120 4359 1161 4413 sui
1174 4359 1295 4413 instituti
1311 4359 1530 4430 professoribus,
1552 4362 1629 4432 quod
1639 4363 1691 4416 has
1701 4363 1745 4417 rel

86 4466 101 4492 ιι
111 4443 244 4513 regulam
261 4443 317 4497 illic
328 4446 638 4519 possintomuipotenti
652 4448 709 4501 Deo
724 4447 865 4502 deservire
883 4464 889 4502 :
942 4448 1003 4502 illas
1016 4452 1181 4503 sanctorum
1197 4448 1253 4502 sive
1265 4447 1393 4514 Antonii,
1410 4449 1465 4503 sive
1488 4449 1604 4504 Climaci
1620 4451 1677 4506 sire
1693 4452 1745 4506 Be·

85 4553 99 4582 «
116 4548 206 4602 quarn
223 4531 361 4587 nimirum
373 4534 581 4590 habitationem
596 4552 647 4606 per
659 4536 846 4607 praepositum
861 4539 891 4591 et
942 4536 1048 4590 nedicti
1059 4537 1115 4590 sire
1131 4536 1272 4591 Bernardi
1287 4538 1336 4590 aut
1351 4539 1479 4591 veterum
1494 4537 1682 4594 Orientalium
1693 4541 1745 4595 Pa-

86 4642 100 4670 «
116 4619 273 4686 decanum,
288 4641 302 4668 u
319 4621 422 4692 inquit,
440 4624 618 4694 «gubernari
635 4624 805 4697 disponique
814 4642 889 4695 pree·
940 4626 1018 4678 trum
1042 4624 1172 4679 instituta
1187 4628 1215 4678 et
1237 4639 1337 4693 praxes
1351 4641 1409 4678 non
1426 4631 1593 4696 sequantur,
1615 4628 1682 4700 quia
1700 4627 1744 4683 sui

82 4707 251 4779 «cipimus,
269 4709 307 4762 sic
320 4712 419 4764 tamen
434 4715 464 4765 ut
479 4712 568 4766 eremi
584 4713 753 4783 praepositus
774 4730 889 4784 semper
939 4713 1079 4785 propositi
1091 4729 1150 4768 non
1166 4715 1241 4800 sunt,
1259 4729 1312 4767 nec
1327 4713 1388 4767 illas
1403 4716 1556 4769 servandas
1573 4717 1626 4771 sibi
1646 4718 1741 4788 elege-

82 4817 98 4850 ι
113 4797 289 4868 praeieratur
299 4801 328 4853 et
338 4800 590 4869 majorhabeatur,
600 4805 628 4854 et
640 4803 678 4856 sic
692 4805 721 4855 ut
734 4802 813 4857 idem
828 4819 889 4858 mo·
939 4805 1016 4855 runt.
1027 4821 1043 4853 a
1064 4801 1222 4867 Sane,cum
1229 4801 1318 4872 Guigo
1328 4801 1554 4858 verbisrecitatis
1567 4804 1739 4870 doccat,nou

81 4904 97 4936 ι
114 4884 277 4939 nasterium
292 4888 382 4942 eremi
397 4888 575 4959 dispositioni
590 4889 889 4961 subjaccat,itemeju-
939 4890 969 4946 iu
985 4892 1045 4944 sola
1060 4889 1088 4944 S.
1106 4890 1253 4945 Benedicti
1268 4891 1378 4962 regula,
1394 4891 1443 4944 sed
1459 4893 1502 4945 rel
1518 4892 1548 4944 in
1560 4891 1587 4946 S.
1603 4892 1740 4962 llierony·

84 4994 97 5022 ιι
109 4972 193 5026 sdem
214 4973 268 5027 loci
282 4975 451 5045 praepositus
465 4979 494 5029 et
509 4976 633 5030 decanus
648 4978 816 5049 subjiciatur
828 4995 889 5033 ma-
940 4979 981 5033 mi
994 4978 1134 5050 Epistolis,
1150 4979 1192 5032 rel
1209 4978 1237 5032 iu
1262 4978 1290 5032 S.
1310 4979 1457 5034 Benedicti
1472 4981 1573 5049 regula
1591 4981 1633 5034 vel
1659 4980 1741 5034 deui-

83 5083 97 5109 ιι
111 5060 203 5132 gistro
216 5063 316 5116 eremi.
332 5065 403 5118 Bata
419 5064 565 5119 lateranis
579 5083 605 5119 vr
622 5067 683 5120 liat.
700 5068 885 5122 Februarii.»
939 5085 995 5139 que
1011 5068 1040 5121 iu
1065 5067 1176 5138 scriptis
1189 5068 1260 5134 aliis,
1278 5068 1355 5140 quod
1375 5069 1411 5122 ad
1433 5071 1546 5138 tempus
1568 5085 1666 5139 usque,
1684 5086 1741 5141 quo

117 5151 183 5203 490.
200 5150 553 5223 ‹tExquibusiutelligitun
571 5154 673 5224 duplex
695 5155 752 5209 illic
767 5156 885 5210 Carthu-
939 5156 1089 5222 scribebat,
1106 5156 1135 5210 iu
1148 5155 1435 5227 Certhusiurcligiose
1447 5157 1493 5226 agi
1508 5156 1740 5228 solitumiuisset,

81 5236 222 5290 sicnsium
236 5255 327 5308 genus
342 5239 436 5305 tuisse,
453 5241 694 5295 anachoretarum
717 5245 745 5296 et
765 5244 888 5298 coerauhi·
939 5244 1092 5311 contineri,
1108 5243 1174 5298 satis
1185 5245 1283 5316 utique
1300 5244 1416 5310 indicat,
1440 5245 1525 5297 luisse
1540 5248 1608 5298 tunc
1624 5245 1742 5301 Cartim-

80 5327 191 5392 tarum,
215 5331 245 5380 ut
257 5328 333 5397 apud
350 5328 582 5383 Camalduleuses
600 5347 607 5396 3
628 5333 657 5383 ct
667 5330 793 5400 utrisque
810 5330 887 5400 prio·
941 5334 1035 5387 stauos
1047 5348 1106 5387 non
1122 5332 1171 5386 uui
1184 5331 1360 5386 S.Benedieti
1376 5332 1481 5403 regulae
1493 5332 1678 5388 observandae
1689 5335 1740 5388 oh-

83 5428 148 5468 rem
164 5415 255 5468 eremi
279 5417 425 5486 praefuisse
455 5419 613 5472 secundum
640 5420 772 5490 regulam
799 5420 889 5474 suncti
942 5421 1063 5487 strictos,
1088 5420 1137 5474 sed
1155 5422 1316 5474 easccntos
1338 5436 1397 5473 esse
1427 5420 1537 5491 optima
1563 5421 1676 5477 vivendi
1700 5422 1744 5478 in-

84 5502 302 5575 Benedicti,qui
318 5506 452 5576 utrosque
468 5504 498 5558 in
514 5508 614 5578 regula
630 5507 818 5565 suainetituit.
833 5508 891 5567 Hoc
942 5509 1128 5583 stituta,quae
1143 5508 1282 5583 sireapud
1303 5507 1332 5566 S.
1359 5508 1566 5584 Hieronyuum,
1583 5513 1632 5568 aut
1657 5513 1746 5570 Bene·
1797 5512 1800 5519 ’

302 5602 419 5659 Parnoi..
437 5601 514 5660 CLII.
959 5665 963 5674 ,
1535 5611 1569 5668 to
