3772 5970
182 285 251 349 1203
487 282 517 344 S.
528 282 701 342 BRUNONlS
721 281 1037 342 caninusmnolttnl
1054 280 1289 342 utsrnbrenls
1308 282 1386 342 OPP.
1404 283 1504 342 PARS.
1524 285 1537 342 l
1792 283 1857 341 ieet

181 409 279 465 dicat:
296 406 494 464 circumdedit
507 424 555 462 eos
571 407 669 462 multis
685 405 888 461 misericordia
902 405 988 460 bene·
997 413 1025 474 A
1037 404 1136 460 emnia
1158 407 1221 460 haec
1242 406 1369 479 pericula
1384 404 1548 472 deveniunt,
1566 403 1618 459 sed
1635 402 1742 459 nullus
1762 405 1808 459 eet
1830 403 1855 458 in

180 494 987 569 hciis.PostquameosProphelainstruxitquomodosua
1036 494 1163 550 Ecclesia
1178 495 1223 550 cui
1241 497 1282 550 vel
1300 512 1358 550 una
1370 496 1475 550 harum
1494 495 1537 550 vel
1556 509 1669 549 omnes
1688 492 1855 566 ereptiones

179 603 354 661 suorumque
361 583 988 659 patrumpeccatadeheautconsrteriinstruit
1036 581 1097 638 istae
1111 584 1279 639 necessariae
1292 602 1352 639 non
1368 584 1434 639 sint.

180 694 294 751 queque
303 693 385 732 orare
400 676 439 731 sic
452 695 458 730 :
472 676 539 730 llice
551 674 626 729 ulsic
638 673 834 728 confiteamini
842 673 984 727 diceutes:
1072 673 1196 728 Primum
1212 674 1329 746 quidem
1337 673 1496 745 periculum
1510 676 1552 728 est
1566 672 1746 737 infidelitas,
1754 672 1792 727 de
1801 689 1850 745 que

179 765 435 821 Peccavimuscum
448 762 689 838 patribusnostris
704 766 770 829 etc,
780 766 810 816 et
822 761 860 815 sic
871 778 985 833 quoque
1036 763 1153 835 quidem
1171 780 1272 818 omues
1287 779 1338 834 per
1353 763 1441 818 fidem
1454 779 1569 818 necesse
1584 765 1629 817 est
1647 761 1736 834 eripi.
1758 761 1850 817 Secun-

179 854 264 910 dicite
282 853 545 926 :Quandoquidem
567 856 664 922 patres
683 855 798 907 orantes
810 850 913 905 audisti
928 850 983 904 eri·
1034 852 1098 906 dum
1125 868 1191 906 rere
1217 853 1393 908 consuetudo
1416 852 1566 924 peccandi,
1593 868 1665 924 quae
1696 854 1767 922 post
1788 851 1847 907 ildei

177 942 286 1015 piendo
309 959 358 997 ees
378 944 413 997 de
434 940 677 1007 tribulationibus,
697 957 749 995 nos
769 956 884 1011 quoque
901 956 984 994 oran·
1033 940 1245 1012 susceptionem
1260 942 1357 1008 restat,
1374 957 1438 1013 quae¹
1458 944 1487 996 et
1510 940 1533 995 si
1549 940 1654 995 multis
1670 940 1846 1008 dominetur,

175 1035 218 1085 tes
233 1032 324 1085 salvos
342 1031 387 1085 lac
409 1031 444 1085 de
469 1029 701 1084 tribulationibus
724 1032 907 1099 peecatorum
927 1029 981 1083 eri·
1033 1029 1173 1083 reducens
1187 1046 1236 1083 eos
1255 1029 1292 1084 ad
1308 1029 1429 1102 pristina
1449 1029 1526 1084 vitia.
1549 1028 1638 1085 Pauci
1662 1033 1769 1084 tamen
1789 1034 1846 1084 sunt

174 1118 290 1193 piendo.
303 1122 418 1176 Instruit
428 1121 514 1176 etiam
528 1137 576 1174 eos
596 1119 747 1190 Propheta,
762 1120 913 1190 postquam
929 1134 980 1188 pre
1031 1134 1103 1189 quos
1116 1118 1279 1191 opprimere
1297 1119 1414 1190 nequit;
1429 1119 1465 1175 dc
1480 1135 1537 1190 qua
1552 1118 1774 1174 consuetudine
1789 1135 1845 1190 pec-

174 1226 204 1263 se
215 1208 371 1272 oraverint,
387 1208 510 1279 proeliis
522 1207 828 1278 erarcsie:P0stquam
845 1206 880 1260 de
891 1207 980 1260 salute
1030 1206 1115 1260 candi
1131 1207 1229 1261 fideles
1248 1224 1278 1261 se
1298 1208 1485 1277 deprecantes
1500 1209 1574 1263 [leus
1588 1207 1634 1262 eri
1658 1206 1691 1274 it,
1710 1206 1785 1261 dum
1804 1224 1845 1261 cns

172 1301 265 1351 vestra
280 1296 439 1363 oraveritis,
453 1297 488 1351 de
503 1298 593 1351 salute
610 1312 724 1368 quoque
740 1294 870 1365 gentium
888 1298 977 1360 orate,
1030 1296 1215 1367 pergratiam
1230 1295 1362 1350 adhenae
1378 1223 1845 1367 operationisKthconsuetudi

172 1385 320 1442 dicentes:
336 1385 463 1441 Dicimus
476 1385 561 1440 saluos
581 1387 627 1455 sne
646 1402 702 1453 nos,
716 1388 744 1439 et
759 1383 848 1438 etiam
864 1401 980 1439 oramus
1030 1401 1098 1439 nem
1114 1385 1239 1440 adducit.
1258 1385 1379 1439 Tertium
1388 1389 1485 1441 aulem
1500 1390 1542 1441 est
1555 1387 1671 1454 acedia,
1681 1385 1712 1440 id
1723 1387 1768 1439 est
1778 1385 1843 1440 desi·

171 1470 302 1546 conpreqo
323 1475 360 1529 ad
383 1475 525 1529 unitatem
549 1473 616 1528 fidei
631 1473 662 1527 de
686 1473 803 1527 diversis
829 1473 980 1527 nationibus
1030 1473 1087 1542 dia,
1102 1474 1256 1546 quodsolis
1270 1474 1464 1546 spiritualibus
1472 1474 1539 1529 viris
1555 1474 1680 1546 ingruit,
1697 1473 1762 1545 qui,
1775 1478 1842 1544 post·

171 1564 303 1637 gentium
319 1581 375 1630 nos,
391 1563 421 1618 id
437 1567 479 1617 est
501 1563 583 1618 uobis
606 1561 893 1617 conformeslutures
906 1562 977 1629 illes,
1030 1563 1165 1635 quemad
1181 1562 1249 1617 boni
1264 1563 1359 1635 operis
1373 1563 1615 1618 consuetudinem
1633 1562 1801 1634 attigerint,
1816 1579 1842 1616 ex

170 1652 277 1707 scilicet
289 1671 322 1708 ex
337 1652 470 1724 gentibus
485 1651 533 1723 qui
547 1650 683 1705 credituri
704 1654 781 1716 suut,
796 1650 868 1705 sicut
883 1653 911 1704 et
927 1667 979 1705 uos
1029 1649 1166 1705 dilatione
1180 1639 1311 1722 supernus
1328 1652 1427 1721 patriae
1439 1654 1588 1723 torporem
1602 1652 1773 1722 quemdam
1783 1651 1844 1705 acri·

170 1739 290 1797 dicimus
304 1742 389 1796 selues
409 1742 455 1811 soc
478 1757 535 1808 nes,
563 1746 593 1794 ul
616 1738 682 1794 salvi
706 1739 784 1806 lacti,
805 1740 979 1807 confiteamur
990 1740 1016 1800 B
1027 1737 1121 1809 piunt,
1134 1756 1166 1793 ac
1180 1739 1340 1810 spiritalem
1356 1740 1460 1795 auimae
1476 1740 1583 1807 cibum,
1593 1739 1761 1794 lectionem
1774 1739 1843 1793 ride-

168 1830 284 1885 laudem
300 1833 391 1885 etore
414 1833 442 1884 et
455 1845 542 1899 opere
558 1833 586 1884 et
600 1827 686 1882 corde
702 1828 804 1880 nomini
819 1835 862 1882 luo
876 1835 976 1895 auriolo,
1027 1816 1094 1882 licet
1108 1832 1137 1882 et
1150 1827 1312 1882 orationem
1334 1828 1430 1883 minus
1448 1828 1542 1896 solito,
1564 1831 1686 1882 etcum
1703 1828 1794 1883 taedio
1809 1845 1845 1881 su

170 1920 249 1992 quod
263 1923 306 1974 est
320 1918 469 1975 Dominus.
486 1918 524 1972 Et
546 1919 573 1970 in
595 1916 643 1972 illa
663 1917 740 1970 laude
755 1924 802 1971 tuo
822 1917 977 1986 plerienrur,
1028 1918 1123 1971 munt.
1143 1918 1238 1987 Aque
1263 1916 1389 1987 periculo
1411 1919 1483 1971 Deus
1506 1933 1556 1970 eos
1578 1916 1667 1971 adse
1689 1918 1845 1971 clamentcs

170 2024 228 2062 non
245 2008 325 2064 inviti
341 2007 448 2063 scilicet
463 2024 527 2061 eam
543 2008 748 2079 persolvamus.
771 2006 977 2072 confiteamur,
1027 2003 1141 2073 liberat,
1158 2023 1224 2060 eum
1241 2005 1268 2060 in
1296 2006 1335 2060 eis
1357 2005 1501 2060 ferverem
1515 2005 1668 2060 charitatis
1684 2005 1844 2060 exsuscitat

167 2094 299 2168 inquam,
319 2096 358 2151 sic
380 2097 517 2151 dicentes.
538 2093 707 2162 Benedictus,
724 2096 755 2149 id
779 2099 822 2150 est
841 2097 979 2150 exaltatus
1031 2092 1164 2160 Qrcorturn
1178 2095 1315 2166 equidem
1331 2097 1373 2148 est
1396 2094 1556 2165 periculum
1573 2094 1655 2165 quod
1674 2094 1748 2149 solis
1763 2094 1847 2149 instar

169 2182 206 2240 sit
224 2184 357 2240 Dominus
383 2185 454 2240 Deus
476 2183 569 2251 Israel,
589 2185 696 2239 scilicet
721 2184 921 2257 magnificatus
944 2185 979 2240 sit
1030 2182 1161 2237 Ecclesiae
1174 2183 1347 2253 pastoribus
1363 2185 1521 2253 tempestas
1535 2182 1673 2236 videlicet
1690 2182 1846 2236 immodica

171 2273 219 2346 qui
236 2273 403 2329 dominator
430 2278 458 2329 et
485 2276 599 2329 creater
626 2278 669 2329 est
694 2274 794 2342 uestri,
817 2274 865 2346 qui
881 2291 979 2328 sumus
1029 2271 1258 2340 tribulationum,
1271 2272 1385 2326 velcum
1397 2271 1779 2326 abeateriorihushostibus
1790 2287 1847 2344 per.

168 2362 266 2430 lsrael,
283 2366 311 2417 et
326 2363 380 2418 hoc
397 2380 456 2418 non
472 2362 509 2417 ad
524 2363 639 2430 horam,
650 2363 699 2418 sed
710 2382 725 2416 e
738 2363 831 2417 sacillo
843 2365 978 2434 praesenti
1029 2364 1197 2434 sequuntur,
1207 2362 1255 2434 qui
1269 2359 1340 2416 ovile
1353 2361 1535 2417 Dominicum
1547 2361 1696 2417 deverare
1706 2361 1844 2427 nituntur,

129 2478 132 2485 =
169 2452 199 2504 et
213 2451 332 2521 usquein
346 2450 483 2516 seculum,
495 2450 573 2505 idest
589 2450 617 2504 iu
632 2452 978 2524 aeteruum.Hocquidem
1028 2451 1072 2505 vel
1095 2467 1161 2505 cum
1184 2467 1201 2504 a
1227 2450 1347 2505 subditis
1361 2450 1554 2505 immoderate
1577 2455 1608 2505 et
1629 2450 1799 2505 incorrecte
1819 2465 1845 2502 se

141 2532 144 2540 ’
171 2536 299 2592 dicemus
323 2555 375 2593 nos
395 2539 573 2605 benedictus,
599 2542 652 2594 etc.
679 2541 713 2593 Et
735 2541 865 2611 exemplo
888 2541 977 2594 nostri
1027 2539 1200 2594 habentibus
1216 2539 1432 2594 tribulationem
1449 2539 1568 2594 interius
1592 2539 1762 2609 patiuntur,
1782 2539 1844 2592 dum

170 2640 283 2693 omnes,
299 2625 327 2680 id
342 2629 384 2681 est
399 2626 575 2681 omnismodi
596 2629 718 2700 populus
739 2632 797 2682 tam
813 2628 978 2683 ludaeorum
1029 2626 1068 2682 eis
1084 2628 1163 2699 quos]
1176 2627 1212 2681 ad
1227 2626 1302 2681 viam
1322 2626 1502 2682 rectitudinis
1521 2626 1665 2681 reducere
1688 2631 1842 2699 nequeunt,

170 2730 256 2786 qnam
264 2715 439 2786 gentiumad
450 2715 536 2769 tidem
545 2718 757 2771 convertendus
767 2717 842 2771 dicet
852 2717 976 2789 fiatfiat.
1029 2716 1110 2770 valde
1123 2715 1346 2787 compatiuntur
1365 2716 1457 2780 Quam
1476 2731 1529 2788 pro
1542 2718 1623 2770 certo
1636 2718 1843 2788 tempestatem

170 2800 253 2866 Quod
269 2805 366 2858 autem
379 2802 423 2858 bis
436 2804 485 2872 fiet
496 2803 637 2874 penit,vel
651 2803 979 2872 adineulcationem,rel
1031 2804 1067 2858 ab
1083 2803 1192 2858 eisdem
1205 2803 1329 2876 praelatis
1345 2807 1461 2859 exorata
1476 2803 1573 2859 divina
1586 2804 1753 2859 clementia
1767 2821 1842 2859 ruan-

168 2894 288 2962 prepter
301 2891 445 2964 duplicem
459 2891 601 2962 parietem
617 2893 747 2948 Ecclesiae
761 2894 836 2948 iacit.
1031 2890 1159 2946 sueiacit.
1170 2892 1219 2946 Vel
1229 2893 1299 2946 dum
1310 2893 1424 2964 plebem
1434 2892 1581 2947 subditam
1598 2891 1775 2964 spiritalitet
1787 2911 1843 2948 cor·

431 2981 465 3034 lN
481 2980 642 3038 PShLllUbl
656 2982 721 3036 Clll.
1032 2979 1110 3052 rigit,
1130 2980 1172 3034 rel
1189 2980 1250 3050 ejus
1260 2980 1387 3035 hostium
1400 2981 1576 3036 exteriorum
1593 2981 1748 3052 impetum
1764 2982 1844 3037 mode

204 3066 312 3123 Titulus
332 3067 482 3123 centesimi
498 3069 580 3123 sexti.
605 3069 739 3138 Alleluia,
763 3070 881 3124 alleluiu.
900 3071 982 3137 Quod
1033 3067 1161 3139 quolibet
1183 3066 1298 3138 imperii
1322 3068 1365 3122 sni
1384 3068 1516 3139 petentia
1538 3067 1667 3124 mirifice
1681 3071 1844 3143 compescit

174 3155 217 3211 bis
227 3155 273 3211 hic
289 3157 397 3211 elbluiu
409 3158 537 3228 ponitur,
551 3157 678 3213 alssrmat
692 3158 793 3213 beatus
808 3159 982 3230 Augustinus
1033 3155 1091 3210 lloc
1103 3155 1190 3210 etiam
1201 3155 1516 3227 quodbispsalmohuic
1526 3155 1641 3211 alleluia
1657 3159 1846 3232 praeponitur,

171 3244 301 3315 positum
317 3261 377 3299 esse
392 3248 512 3317 propter
523 3244 670 3317 duplicem
683 3246 814 3301 Ecclesirn
823 3248 980 3317 parietem:
1033 3243 1232 3299 inculcationis
1242 3245 1849 3318 causaetmajerisexhortationispondere

172 3348 276 3399 unum,
298 3332 430 3387 videlicet
454 3333 572 3399 alleluiu,
589 3334 625 3387 ad
648 3334 802 3388 Ecclesiam
826 3350 858 3388 ex
878 3335 982 3390 luderis
1031 3333 1139 3388 lactum
1156 3349 1217 3387 esse
1232 3350 1249 3388 a
1262 3334 1433 3405 quibusdam
1449 3335 1596 3391 asseritur.
1610 3335 1691 3391 Cum
1705 3336 1803 3409 itaque
1818 3337 1850 3391 de

174 3419 385 3476 exhortandam
415 3420 452 3474 ad
481 3421 660 3475 laudandum
684 3424 790 3490 Deum;
809 3423 886 3478 aliud
903 3441 981 3492 vero,
1031 3421 1197 3492 hujusmodi
1212 3439 1243 3476 re
1259 3421 1401 3477 sententia
1418 3423 1567 3496 multiplex
1579 3424 1744 3493 habeatur,
1757 3426 1851 3481 lliere·

175 3510 315 3584 quantum
329 3509 365 3562 ad
381 3508 535 3563 Ecclesiam
546 3509 897 3580 gentiumllerumtamcn
913 3514 980 3567 seri·
1033 3526 1146 3581 uymus,
1159 3512 1258 3580 utpote
1277 3508 1384 3581 linguae
1397 3511 1506 3582 peritus
1521 3512 1692 3581 hebraicae,
1710 3515 1851 3588 praecipue

174 3595 217 3651 bit
230 3599 345 3651 sanctus
359 3595 561 3668 Hieronymus,
579 3598 725 3654 Hebraicea
741 3600 868 3654 veritatis
884 3601 981 3672 erqui·
1031 3597 1218 3653 videturesse
1235 3599 1407 3669 sequendus.

175 3684 246 3740 siler
267 3684 401 3756 diligens,
417 3685 495 3757 qued
515 3685 545 3739 in
567 3686 784 3759 quibuscunque
799 3688 918 3760 psalmis
938 3690 982 3744 bis
1067 3684 1239 3753 Confitentur·
1250 3685 1376 3756 Domino,
1391 3690 1458 3755 etc,
1468 3705 1500 3742 ac
1515 3689 1537 3743 si
1549 3689 1646 3744 dicat:
1658 3691 1852 3763 Vosgentiles,

175 3773 286 3828 alleluia
310 3772 439 3846 ponitur,
458 3773 536 3845 prius
552 3775 588 3829 ad
602 3776 816 3847 praecedentem
836 3778 980 3848 psalmum
1031 3773 1060 3828 id
1076 3777 1145 3828 esta
1162 3775 1272 3830 Christo
1286 3777 1347 3848 ejus
1362 3780 1457 3832 morte
1473 3777 1655 3846 redimendi,
1668 3780 1793 3836 laudate
1806 3783 1854 3837 lle

175 3864 295 3933 spectat,
310 3862 451 3933 posterius
470 3865 567 3918 antem
593 3864 691 3919 titulus
713 3867 756 3919 est
779 3866 934 3937 sequentis,
951 3870 982 3921 ut
1031 3861 1146 3917 minum
1162 3880 1222 3931 ore,
1237 3867 1265 3919 et
1279 3882 1376 3937 opere,
1388 3869 1417 3920 et
1429 3866 1710 3934 devotione3ethoc
1723 3871 1851 3925 contuitu

175 3948 205 4004 in
230 3951 460 4023 praecedentibus
484 3952 602 4023 quidem
622 3952 740 4024 psalmis
762 3958 891 4025 apparet.
908 3955 980 4008 Nam
1030 3952 1328 4025 confiteminiqueruhm
1341 3956 1422 4009 tonus
1436 3963 1473 4009 est
1487 3954 1517 4009 in
1528 3958 1640 4011 natura
1652 3956 1850 4015 ineffabiliter.

176 4040 330 4110 postquam
341 4038 369 4092 in
381 4041 491 4112 psalmo
500 4040 687 4111 praecedenti,
696 4041 787 4095 ubide
801 4042 905 4097 ludaeis
916 4041 979 4096 inli-
1029 4038 1085 4093 Vos
1097 4041 1308 4110 autemidiotae,
1320 4042 1367 4115 qui
1381 4060 1439 4099 non
1450 4043 1570 4115 potestis
1585 4045 1627 4100 ad
1644 4047 1705 4102 hec
1722 4050 1852 4104 sulficere

178 4125 289 4180 delibus
303 4127 371 4198 egit,
387 4128 518 4199 priorum
535 4131 650 4201 patrum
667 4133 783 4201 peccata
800 4131 935 4197 ostendit,
952 4136 980 4186 et
1031 4128 1062 4180 ut
1070 4128 1349 4196 contunsionibus
1360 4132 1420 4202 ejus
1429 4131 1453 4186 ei
1461 4133 1854 4206 confiteamininonnrenui

177 4212 301 4285 qualiter
314 4217 444 4271 eeslleus
454 4233 507 4289 pre
520 4217 883 4290 peccatisalllictos,etpest
894 4237 979 4275 oran·
1031 4217 1133 4270 saltem
1147 4217 1201 4273 hec
1212 4219 1351 4287 contuitu,
1362 4222 1490 4292 qnoniam
1505 4223 1533 4275 in
1547 4223 1684 4278 sacillum
1701 4229 1854 4282 misericor·

176 4303 219 4357 tes
237 4305 266 4357 et
287 4303 322 4358 de
341 4304 464 4375 peccatis
478 4305 651 4377 poenitentes
665 4307 701 4362 ab
712 4307 916 4363 afflictionibus
927 4309 981 4364 illis
991 4303 1018 4364 D
1029 4303 1074 4358 die
1089 4305 1155 4376 ejus,
1168 4307 1197 4361 id
1208 4309 1325 4381 estquia
1335 4309 1498 4381 conspicitis
1513 4311 1591 4382 quod
1608 4311 1855 4371 beneficiamisa-

75 4406 80 4411 ·
177 4390 291 4462 eripuit,
303 4409 431 4465 congrue
440 4393 623 4465 subjungitur
637 4394 832 4449 allelur'o.Acsi
843 4401 977 4466 poneret:
1030 4394 1160 4450 ricordiae
1179 4395 1250 4466 ejus,
1274 4397 1389 4454 suntin
1415 4398 1543 4454 hnmano
1569 4416 1688 4471 genere
1715 4406 1855 4461 duratura

177 4476 418 4551 Quandoquidem
442 4483 473 4535 ut
500 4481 622 4550 ostendi,
647 4482 717 4537 talia
743 4483 883 4538 beneficia
906 4486 980 4540 Deus
1030 4499 1119 4554 usque
1133 4482 1162 4537 in
1174 4486 1362 4551 saeculumid
1376 4488 1419 4540 est
1433 4486 1561 4558 usquein
1577 4492 1749 4547 aternum.
1767 4492 1854 4562 Confi-

176 4564 307 4638 patribus
319 4568 646 4641 vestrisfecit,utetipse
662 4570 740 4627 vobis
753 4572 856 4627 eadem
871 4572 978 4628 benefi·
1029 4574 1133 4638 tenrini,
1149 4572 1279 4644 inquam,
1299 4578 1328 4629 et
1347 4575 1400 4629 hoc
1421 4575 1510 4629 etiam
1531 4575 1749 4636 adhortatorie
1767 4583 1854 4638 duent

174 4651 219 4708 eia
232 4653 329 4722 faciat,
348 4655 454 4710 laudate
467 4657 555 4711 Deum
576 4660 641 4728 lide,
659 4677 737 4728 voce,
765 4664 793 4715 et
816 4676 913 4733 opere.
928 4661 978 4717 Se·
1029 4661 1198 4715 alterutrum
1210 4665 1257 4734 qui
1269 4662 1397 4735 redempti
1405 4663 1516 4725 suntid
1526 4665 1712 4736 estgentiles
1721 4672 1775 4742 qui
1783 4672 1853 4727 redi·

176 4744 495 4815 quensautemelleluin,
505 4749 649 4819 sequentis
660 4749 763 4821 psalmi
774 4750 978 4805 convenienter
1028 4749 1127 4804 mendi
1142 4753 1208 4804 suut
1234 4770 1250 4804 o
1274 4752 1392 4807 Domino
1414 4752 1535 4820 Christo,
1558 4753 1762 4816 adhortando
1785 4777 1853 4816 unus

174 4834 217 4887 est
231 4832 339 4888 titulus.
357 4835 502 4907 Propheta
518 4835 623 4908 quippe
639 4837 729 4908 quide
738 4838 842 4893 tudaeis
853 4838 882 4892 in
893 4855 976 4910 supe·
1028 4837 1151 4892 alterum
1173 4838 1271 4895 dicant
1287 4841 1341 4894 hec
1356 4841 1433 4912 quod
1449 4841 1523 4909 dico,
1547 4840 1664 4899 scilicet
1680 4850 1852 4918 confilemini

173 4919 297 4976 rioribus
311 4920 429 4993 psalmis
445 4923 557 4977 duobus
572 4924 640 4995 egit,
652 4924 681 4979 in
696 4925 931 4981 hocdefidelibus
942 4944 976 4982 ex
1025 4925 1153 4982 Domine.
1177 4929 1298 5001 Exponit
1309 4930 1396 5002 igitur
1420 4931 1496 4986 unde
1508 4935 1575 4987 sunt
1590 4933 1775 4996 redimendi
1792 4958 1849 4996 cum

172 5008 306 5080 gentibus
321 5010 391 5083 agit,
412 5011 569 5067 adhortans
585 5017 615 5067 ut
630 5015 722 5068 Deum
734 5015 863 5083 laudent,
878 5018 906 5069 et
920 5015 974 5070 hoc
1025 5016 1106 5071 addit
1119 5034 1124 5070 :
1135 5015 1205 5083 Ques
1220 5018 1338 5085 redemit,
1354 5019 1484 5093 inquam,
1498 5020 1580 5076 idest
1601 5026 1745 5084 redimet
1761 5036 1849 5087 morte

173 5097 315 5163 contuitu,
330 5099 397 5171 quia
413 5101 582 5172 multiplicia
591 5102 731 5157 beneficia
740 5102 768 5156 in
777 5103 898 5156 Eeclesia
909 5118 974 5173 epe·
1024 5105 1126 5160 suade
1146 5123 1229 5161 uranu
1244 5109 1355 5174 inion'ri,
1376 5108 1405 5162 id
1431 5112 1472 5163 est
1496 5109 1531 5164 de
1558 5115 1716 5182 potestate
1734 5120 1848 5186 diaboli,

170 5189 251 5242 ratur
266 5206 272 5243 :
286 5191 315 5242 et
327 5189 394 5260 quia
405 5190 509 5244 ludaeis
520 5190 651 5262 repulsis,
660 5195 761 5263 gentes
776 5191 813 5245 ad
828 5191 916 5245 fldem
926 5193 974 5247 ad·
1024 5193 1077 5248 illis
1091 5211 1125 5249 cx
1140 5194 1247 5250 invidia
1263 5195 1447 5259 inimicantis,
1462 5200 1490 5251 el
1501 5197 1560 5254 illos
1571 5201 1782 5264 redimendos
1792 5227 1847 5264 con·

170 5274 257 5344 misit,
268 5277 400 5332 enuntiat
415 5295 529 5349 quoque
543 5278 604 5352 ipsa
618 5280 768 5346 beneficia,
777 5281 807 5333 ul
821 5280 914 5351 magis
925 5299 973 5336 eos
1021 5286 1151 5354 erepant,
1168 5283 1248 5339 idest
1260 5285 1548 5358 congregaritnonin
1562 5305 1660 5345 unum
1669 5293 1792 5365 locum,
1803 5296 1847 5352 sed

169 5364 206 5418 ad
221 5363 272 5420 Dei
286 5365 402 5420 laudem
418 5365 528 5421 incitet.
537 5368 603 5440 ugit
614 5367 693 5422 euim
705 5367 851 5441 quomedo
863 5386 928 5424 suos
937 5370 972 5426 de
1023 5372 1051 5426 in
1076 5373 1215 5427 unitatem
1240 5374 1306 5429 fidei
1322 5375 1353 5429 de
1368 5375 1514 5443 replenitur
1533 5378 1691 5436 omnibus.
1716 5385 1777 5440 Per
1799 5387 1845 5441 hee

167 5453 291 5519 quatuor
302 5453 607 5525 periculiseripit.0uee
618 5455 734 5529 quidem
742 5456 904 5529 ereptiones
914 5476 972 5515 nou
1023 5462 1100 5534 quod
1116 5461 1185 5516 dicit
1203 5462 1236 5517 de
1250 5463 1398 5531 ropionibus
1414 5464 1558 5533 omuibus,
1578 5482 1632 5523 eos
1654 5487 1725 5528 esse
1743 5477 1845 5532 multos

166 5539 416 5595 omnesomnibus
431 5543 616 5602 conveniunt.
638 5545 700 5602 Non
722 5545 802 5601 enim
821 5565 922 5604 omnes
941 5549 970 5606 iu
1021 5549 1127 5620 innuit,
1149 5554 1178 5607 ct
1199 5553 1279 5608 tauto
1304 5552 1397 5625 maius
1419 5569 1480 5610 csse
1499 5553 1682 5617 beneficium
1703 5566 1843 5623 ostendit.
