<?xml version="1.0" encoding="UTF-8"?>
<!DOCTYPE html PUBLIC "-//W3C//DTD XHTML 1.0 Transitional//EN"
    "http://www.w3.org/TR/xhtml1/DTD/xhtml1-transitional.dtd">
<html xmlns="http://www.w3.org/1999/xhtml" xml:lang="en" lang="en">
 <head>
  <title>
</title>
<meta http-equiv="Content-Type" content="text/html;charset=utf-8" />
  <meta name='ocr-system' content='tesseract 3.04.00' />
  <meta name='ocr-capabilities' content='ocr_page ocr_carea ocr_par ocr_line ocrx_word'/>
</head>
<body>
  <div class='ocr_page' id='page_1' title='image "./patrologiaecurs30unkngoog/patrologiaecurs30unkngoog_0562.png"; bbox 0 0 3772 5976; ppageno 0'>
   <div class='ocr_carea' id='block_1_1' title="bbox 108 268 1767 364">
    <p class='ocr_par' dir='ltr' id='par_1_1' title="bbox 108 268 1767 364">
     <span class='ocr_line' id='line_1_1' title="bbox 108 268 1767 364; baseline 0 -2"><span class='ocrx_word' id='word_1_1' title='bbox 108 295 174 362; x_wconf 79' lang='lat' dir='ltr'>rire</span> <span class='ocrx_word' id='word_1_2' title='bbox 559 268 977 364; x_wconf 76' lang='lat' dir='ltr'>meosmoraesanuos.</span> <span class='ocrx_word' id='word_1_3' title='bbox 997 301 1147 361; x_wconf 78' lang='lat' dir='ltr'>-esan</span> <span class='ocrx_word' id='word_1_4' title='bbox 1168 291 1311 360; x_wconf 71' lang='lat' dir='ltr'>amaru</span> <span class='ocrx_word' id='word_1_5' title='bbox 1697 296 1767 363; x_wconf 78' lang='lat' dir='ltr'>tut</span> 
     </span>
    </p>
   </div>
   <div class='ocr_carea' id='block_1_2' title="bbox 105 424 1826 5639">
    <p class='ocr_par' dir='ltr' id='par_1_2' title="bbox 105 424 1826 5639">
     <span class='ocr_line' id='line_1_2' title="bbox 105 424 1771 501; baseline -0.002 -16"><span class='ocrx_word' id='word_1_6' title='bbox 105 426 265 485; x_wconf 81' lang='lat' dir='ltr'>secuudum</span> <span class='ocrx_word' id='word_1_7' title='bbox 279 427 357 501; x_wconf 91' lang='lat' dir='ltr'>quod</span> <span class='ocrx_word' id='word_1_8' title='bbox 378 427 610 500; x_wconf 89' lang='lat' dir='ltr'>homooperator</span> <span class='ocrx_word' id='word_1_9' title='bbox 623 430 720 487; x_wconf 88' lang='lat' dir='ltr'>salutis</span> <span class='ocrx_word' id='word_1_10' title='bbox 733 447 817 498; x_wconf 74' lang='lat' dir='ltr'>mere,</span> <span class='ocrx_word' id='word_1_11' title='bbox 834 430 914 485; x_wconf 87' lang='lat' dir='ltr'>idest</span> <span class='ocrx_word' id='word_1_12' title='bbox 928 434 954 493; x_wconf 82' lang='grc' dir='ltr'><strong>Α</strong></span> <span class='ocrx_word' id='word_1_13' title='bbox 968 428 1012 484; x_wconf 91' lang='lat' dir='ltr'>cia</span> <span class='ocrx_word' id='word_1_14' title='bbox 1027 443 1097 500; x_wconf 88' lang='lat' dir='ltr'>erga</span> <span class='ocrx_word' id='word_1_15' title='bbox 1111 426 1250 493; x_wconf 87' lang='lat' dir='ltr'>subditos,</span> <span class='ocrx_word' id='word_1_16' title='bbox 1268 426 1339 481; x_wconf 91' lang='lat' dir='ltr'>sicut</span> <span class='ocrx_word' id='word_1_17' title='bbox 1366 441 1419 498; x_wconf 87' lang='lat' dir='ltr'>ego</span> <span class='ocrx_word' id='word_1_18' title='bbox 1441 425 1586 482; x_wconf 89' lang='lat' dir='ltr'>constitui.</span> <span class='ocrx_word' id='word_1_19' title='bbox 1610 424 1649 481; x_wconf 81' lang='lat' dir='ltr'>lit</span> <span class='ocrx_word' id='word_1_20' title='bbox 1676 426 1698 482; x_wconf 91' lang='lat' dir='ltr'>si</span> <span class='ocrx_word' id='word_1_21' title='bbox 1720 426 1771 482; x_wconf 85' lang='lat' dir='ltr'>filii</span> 
     </span>
     <span class='ocr_line' id='line_1_3' title="bbox 106 515 1771 590; baseline -0.001 -19"><span class='ocrx_word' id='word_1_22' title='bbox 106 516 279 572; x_wconf 74' lang='lat' dir='ltr'>constantiae</span> <span class='ocrx_word' id='word_1_23' title='bbox 293 520 322 572; x_wconf 90' lang='grc' dir='ltr'><strong>ει</strong></span> <span class='ocrx_word' id='word_1_24' title='bbox 338 517 648 588; x_wconf 79' lang='lat' dir='ltr'>resurrectionismeae,</span> <span class='ocrx_word' id='word_1_25' title='bbox 658 519 701 574; x_wconf 86' lang='lat' dir='ltr'>vel</span> <span class='ocrx_word' id='word_1_26' title='bbox 710 518 918 590; x_wconf 78' lang='lat' dir='ltr'>sarreptarsala·</span> <span class='ocrx_word' id='word_1_27' title='bbox 969 518 1029 589; x_wconf 82' lang='lat' dir='ltr'>ejus</span> <span class='ocrx_word' id='word_1_28' title='bbox 1044 517 1149 572; x_wconf 86' lang='lat' dir='ltr'>subditi</span> <span class='ocrx_word' id='word_1_29' title='bbox 1160 517 1371 587; x_wconf 72' lang='lat' dir='ltr'><em>profanaverint</em></span> <span class='ocrx_word' id='word_1_30' title='bbox 1380 515 1500 586; x_wconf 77' lang='lat' dir='ltr'>justitias</span> <span class='ocrx_word' id='word_1_31' title='bbox 1509 532 1591 582; x_wconf 82' lang='lat' dir='ltr'>mear,</span> <span class='ocrx_word' id='word_1_32' title='bbox 1603 515 1632 570; x_wconf 93' lang='lat' dir='ltr'>id</span> <span class='ocrx_word' id='word_1_33' title='bbox 1647 519 1689 571; x_wconf 89' lang='lat' dir='ltr'>est</span> <span class='ocrx_word' id='word_1_34' title='bbox 1703 530 1771 586; x_wconf 91' lang='lat' dir='ltr'>pro·</span> 
     </span>
     <span class='ocr_line' id='line_1_4' title="bbox 106 603 1773 677; baseline -0.003 -15"><span class='ocrx_word' id='word_1_35' title='bbox 106 605 918 677; x_wconf 73' lang='lat' dir='ltr'>tirmeaidestdelensorelconservatorsalvationismea</span> <span class='ocrx_word' id='word_1_36' title='bbox 968 605 1037 661; x_wconf 86' lang='lat' dir='ltr'>iana</span> <span class='ocrx_word' id='word_1_37' title='bbox 1052 607 1081 660; x_wconf 85' lang='lat' dir='ltr'>el</span> <span class='ocrx_word' id='word_1_38' title='bbox 1102 605 1209 676; x_wconf 89' lang='lat' dir='ltr'>injusta</span> <span class='ocrx_word' id='word_1_39' title='bbox 1225 621 1284 659; x_wconf 89' lang='lat' dir='ltr'>esse</span> <span class='ocrx_word' id='word_1_40' title='bbox 1311 603 1510 675; x_wconf 86' lang='lat' dir='ltr'>reputaverint</span> <span class='ocrx_word' id='word_1_41' title='bbox 1529 603 1607 673; x_wconf 87' lang='lat' dir='ltr'>justa</span> <span class='ocrx_word' id='word_1_42' title='bbox 1628 606 1773 675; x_wconf 72' lang='lat' dir='ltr'>praecepta</span> 
     </span>
     <span class='ocr_line' id='line_1_5' title="bbox 108 689 1770 768; baseline -0.001 -21"><span class='ocrx_word' id='word_1_43' title='bbox 108 693 276 748; x_wconf 88' lang='lat' dir='ltr'>nedollciat.</span> <span class='ocrx_word' id='word_1_44' title='bbox 291 694 456 749; x_wconf 77' lang='lat' dir='ltr'><strong>Notandum</strong></span> <span class='ocrx_word' id='word_1_45' title='bbox 475 695 553 767; x_wconf 92' lang='lat' dir='ltr'>quod</span> <span class='ocrx_word' id='word_1_46' title='bbox 573 711 638 750; x_wconf 91' lang='lat' dir='ltr'>cum</span> <span class='ocrx_word' id='word_1_47' title='bbox 655 695 918 768; x_wconf 82' lang='lat' dir='ltr'>ponithaecblanda</span> <span class='ocrx_word' id='word_1_48' title='bbox 968 709 1049 760; x_wconf 70' lang='lat' dir='ltr'>mea,</span> <span class='ocrx_word' id='word_1_49' title='bbox 1064 709 1115 748; x_wconf 90' lang='lat' dir='ltr'>ceu</span> <span class='ocrx_word' id='word_1_50' title='bbox 1127 692 1211 747; x_wconf 89' lang='lat' dir='ltr'>multi</span> <span class='ocrx_word' id='word_1_51' title='bbox 1226 692 1390 746; x_wconf 78' lang='lat' dir='ltr'><strong>sacerdotes</strong></span> <span class='ocrx_word' id='word_1_52' title='bbox 1404 690 1508 762; x_wconf 89' lang='lat' dir='ltr'>quibus</span> <span class='ocrx_word' id='word_1_53' title='bbox 1523 689 1662 760; x_wconf 86' lang='lat' dir='ltr'>injustum</span> <span class='ocrx_word' id='word_1_54' title='bbox 1678 695 1707 746; x_wconf 91' lang='lat' dir='ltr'>et</span> <span class='ocrx_word' id='word_1_55' title='bbox 1721 690 1770 746; x_wconf 89' lang='lat' dir='ltr'>de·</span> 
     </span>
     <span class='ocr_line' id='line_1_6' title="bbox 110 779 1793 855; baseline -0.001 -20"><span class='ocrx_word' id='word_1_56' title='bbox 110 781 209 849; x_wconf 81' lang='lat' dir='ltr'>rerba,</span> <span class='ocrx_word' id='word_1_57' title='bbox 221 798 285 853; x_wconf 77' lang='lat' dir='ltr'>quar</span> <span class='ocrx_word' id='word_1_58' title='bbox 297 781 423 837; x_wconf 85' lang='lat' dir='ltr'>Christus</span> <span class='ocrx_word' id='word_1_59' title='bbox 434 782 577 855; x_wconf 88' lang='lat' dir='ltr'>legiturin</span> <span class='ocrx_word' id='word_1_60' title='bbox 587 783 765 839; x_wconf 88' lang='lat' dir='ltr'>orationibus</span> <span class='ocrx_word' id='word_1_61' title='bbox 779 783 917 855; x_wconf 89' lang='lat' dir='ltr'>posuisse,</span> <span class='ocrx_word' id='word_1_62' title='bbox 968 781 1100 837; x_wconf 88' lang='lat' dir='ltr'>testabile</span> <span class='ocrx_word' id='word_1_63' title='bbox 1115 781 1228 835; x_wconf 90' lang='lat' dir='ltr'>videtur</span> <span class='ocrx_word' id='word_1_64' title='bbox 1240 780 1317 851; x_wconf 92' lang='lat' dir='ltr'>quod</span> <span class='ocrx_word' id='word_1_65' title='bbox 1329 780 1358 834; x_wconf 92' lang='lat' dir='ltr'>iu</span> <span class='ocrx_word' id='word_1_66' title='bbox 1366 780 1525 834; x_wconf 90' lang='lat' dir='ltr'>canonibus</span> <span class='ocrx_word' id='word_1_67' title='bbox 1534 779 1720 834; x_wconf 89' lang='lat' dir='ltr'>coustitutum</span> <span class='ocrx_word' id='word_1_68' title='bbox 1730 782 1772 834; x_wconf 92' lang='lat' dir='ltr'>est</span> <span class='ocrx_word' id='word_1_69' title='bbox 1790 783 1793 790; x_wconf 89' lang='lat'>&#39;</span> 
     </span>
     <span class='ocr_line' id='line_1_7' title="bbox 109 867 1773 944; baseline -0.001 -20"><span class='ocrx_word' id='word_1_70' title='bbox 109 869 312 925; x_wconf 86' lang='lat' dir='ltr'>scilicetPatcr</span> <span class='ocrx_word' id='word_1_71' title='bbox 325 874 354 925; x_wconf 90' lang='grc' dir='ltr'><strong>ει</strong></span> <span class='ocrx_word' id='word_1_72' title='bbox 366 870 620 942; x_wconf 81' lang='lat' dir='ltr'>Derrsetrusceptar,</span> <span class='ocrx_word' id='word_1_73' title='bbox 638 873 729 944; x_wconf 88' lang='lat' dir='ltr'>ipsum</span> <span class='ocrx_word' id='word_1_74' title='bbox 740 871 919 944; x_wconf 86' lang='lat' dir='ltr'>quodorabit</span> <span class='ocrx_word' id='word_1_75' title='bbox 968 885 1027 924; x_wconf 91' lang='lat' dir='ltr'>uon</span> <span class='ocrx_word' id='word_1_76' title='bbox 1043 869 1129 924; x_wconf 91' lang='lat' dir='ltr'>licere</span> <span class='ocrx_word' id='word_1_77' title='bbox 1143 867 1316 940; x_wconf 87' lang='lat' dir='ltr'>presbyteris</span> <span class='ocrx_word' id='word_1_78' title='bbox 1332 883 1434 922; x_wconf 85' lang='lat' dir='ltr'>uxores</span> <span class='ocrx_word' id='word_1_79' title='bbox 1449 868 1567 934; x_wconf 89' lang='lat' dir='ltr'>bebere,</span> <span class='ocrx_word' id='word_1_80' title='bbox 1583 867 1773 922; x_wconf 85' lang='lat' dir='ltr'>ecclesiastica</span> 
     </span>
     <span class='ocr_line' id='line_1_8' title="bbox 111 956 1773 1032; baseline -0.001 -20"><span class='ocrx_word' id='word_1_81' title='bbox 111 974 171 1012; x_wconf 89' lang='lat' dir='ltr'>non</span> <span class='ocrx_word' id='word_1_82' title='bbox 187 958 280 1028; x_wconf 89' lang='lat' dir='ltr'>ponit,</span> <span class='ocrx_word' id='word_1_83' title='bbox 294 959 344 1013; x_wconf 90' lang='lat' dir='ltr'>sed</span> <span class='ocrx_word' id='word_1_84' title='bbox 354 960 582 1032; x_wconf 81' lang='lat' dir='ltr'>exsequentibus</span> <span class='ocrx_word' id='word_1_85' title='bbox 597 960 682 1016; x_wconf 89' lang='lat' dir='ltr'>datur</span> <span class='ocrx_word' id='word_1_86' title='bbox 697 959 830 1031; x_wconf 80' lang='lat' dir='ltr'>intelligi,</span> <span class='ocrx_word' id='word_1_87' title='bbox 851 976 917 1015; x_wconf 90' lang='lat' dir='ltr'>cum</span> <span class='ocrx_word' id='word_1_88' title='bbox 968 974 1076 1025; x_wconf 88' lang='lat' dir='ltr'>emere,</span> <span class='ocrx_word' id='word_1_89' title='bbox 1095 961 1124 1014; x_wconf 89' lang='lat' dir='ltr'>et</span> <span class='ocrx_word' id='word_1_90' title='bbox 1139 961 1244 1013; x_wconf 88' lang='lat' dir='ltr'>caetcra</span> <span class='ocrx_word' id='word_1_91' title='bbox 1258 957 1327 1012; x_wconf 88' lang='lat' dir='ltr'>talia</span> <span class='ocrx_word' id='word_1_92' title='bbox 1340 957 1452 1025; x_wconf 79' lang='lat' dir='ltr'>saeere3</span> <span class='ocrx_word' id='word_1_93' title='bbox 1469 960 1507 1024; x_wconf 86' lang='lat' dir='ltr'>et,</span> <span class='ocrx_word' id='word_1_94' title='bbox 1523 960 1554 1011; x_wconf 88' lang='lat' dir='ltr'>ut</span> <span class='ocrx_word' id='word_1_95' title='bbox 1570 956 1773 1011; x_wconf 88' lang='lat' dir='ltr'>universaliter</span> 
     </span>
     <span class='ocr_line' id='line_1_9' title="bbox 111 1044 1772 1120; baseline -0.001 -19"><span class='ocrx_word' id='word_1_96' title='bbox 111 1045 194 1119; x_wconf 91' lang='lat' dir='ltr'>ponit</span> <span class='ocrx_word' id='word_1_97' title='bbox 219 1047 274 1102; x_wconf 91' lang='lat' dir='ltr'>hoa</span> <span class='ocrx_word' id='word_1_98' title='bbox 300 1047 498 1118; x_wconf 89' lang='lat' dir='ltr'>promittendo</span> <span class='ocrx_word' id='word_1_99' title='bbox 533 1048 612 1120; x_wconf 94' lang='lat' dir='ltr'>quod</span> <span class='ocrx_word' id='word_1_100' title='bbox 634 1048 714 1104; x_wconf 88' lang='lat' dir='ltr'>dabit</span> <span class='ocrx_word' id='word_1_101' title='bbox 728 1065 793 1103; x_wconf 90' lang='lat' dir='ltr'>cum</span> <span class='ocrx_word' id='word_1_102' title='bbox 815 1047 916 1102; x_wconf 88' lang='lat' dir='ltr'>addit:</span> <span class='ocrx_word' id='word_1_103' title='bbox 969 1045 1074 1115; x_wconf 89' lang='lat' dir='ltr'>dicam,</span> <span class='ocrx_word' id='word_1_104' title='bbox 1090 1049 1115 1100; x_wconf 85' lang='lat' dir='ltr'>ri</span> <span class='ocrx_word' id='word_1_105' title='bbox 1129 1046 1259 1100; x_wconf 84' lang='lat' dir='ltr'>mandata</span> <span class='ocrx_word' id='word_1_106' title='bbox 1275 1063 1333 1099; x_wconf 87' lang='lat' dir='ltr'>mea</span> <span class='ocrx_word' id='word_1_107' title='bbox 1348 1062 1399 1099; x_wconf 78' lang='lat' dir='ltr'>raon</span> <span class='ocrx_word' id='word_1_108' title='bbox 1416 1045 1587 1101; x_wconf 79' lang='lat' dir='ltr'>custodierint</span> <span class='ocrx_word' id='word_1_109' title='bbox 1603 1044 1653 1099; x_wconf 88' lang='lat' dir='ltr'>filii</span> <span class='ocrx_word' id='word_1_110' title='bbox 1672 1045 1733 1117; x_wconf 77' lang='lat' dir='ltr'>eJ&#39;us</span> <span class='ocrx_word' id='word_1_111' title='bbox 1743 1047 1772 1100; x_wconf 90' lang='grc' dir='ltr'><strong>ει</strong></span> 
     </span>
     <span class='ocr_line' id='line_1_10' title="bbox 115 1117 1773 1208; baseline -0.002 -18"><span class='ocrx_word' id='word_1_112' title='bbox 115 1117 292 1206; x_wconf 79' lang='lat' dir='ltr'>3591tico</span> <span class='ocrx_word' id='word_1_113' title='bbox 306 1135 384 1207; x_wconf 90' lang='lat' dir='ltr'>quod</span> <span class='ocrx_word' id='word_1_114' title='bbox 395 1138 447 1206; x_wconf 76' lang='lat' dir='ltr'>epse</span> <span class='ocrx_word' id='word_1_115' title='bbox 467 1136 599 1190; x_wconf 85' lang='lat' dir='ltr'>invocabit</span> <span class='ocrx_word' id='word_1_116' title='bbox 614 1153 663 1204; x_wconf 89' lang='lat' dir='ltr'>me,</span> <span class='ocrx_word' id='word_1_117' title='bbox 675 1143 701 1190; x_wconf 90' lang='lat' dir='ltr'>et</span> <span class='ocrx_word' id='word_1_118' title='bbox 714 1154 760 1207; x_wconf 75' lang='lat' dir='ltr'>epo</span> <span class='ocrx_word' id='word_1_119' title='bbox 771 1152 857 1208; x_wconf 92' lang='lat' dir='ltr'>quem</span> <span class='ocrx_word' id='word_1_120' title='bbox 868 1137 920 1206; x_wconf 84' lang='lat' dir='ltr'>ipre</span> <span class='ocrx_word' id='word_1_121' title='bbox 968 1136 1080 1207; x_wconf 88' lang='lat' dir='ltr'>praelati</span> <span class='ocrx_word' id='word_1_122' title='bbox 1097 1139 1126 1191; x_wconf 91' lang='lat' dir='ltr'>et</span> <span class='ocrx_word' id='word_1_123' title='bbox 1136 1135 1241 1191; x_wconf 91' lang='lat' dir='ltr'>subditi</span> <span class='ocrx_word' id='word_1_124' title='bbox 1256 1135 1453 1207; x_wconf 82' lang='lat' dir='ltr'>(quodiamen</span> <span class='ocrx_word' id='word_1_125' title='bbox 1469 1134 1645 1190; x_wconf 88' lang='lat' dir='ltr'>tolerabilius</span> <span class='ocrx_word' id='word_1_126' title='bbox 1651 1137 1693 1189; x_wconf 90' lang='lat' dir='ltr'>est</span> <span class='ocrx_word' id='word_1_127' title='bbox 1701 1133 1773 1188; x_wconf 92' lang='lat' dir='ltr'>scili-</span> 
     </span>
     <span class='ocr_line' id='line_1_11' title="bbox 111 1222 1773 1297; baseline 0.001 -22"><span class='ocrx_word' id='word_1_128' title='bbox 111 1222 297 1286; x_wconf 63' lang='lat' dir='ltr'>intromittet</span> <span class='ocrx_word' id='word_1_129' title='bbox 312 1222 360 1294; x_wconf 92' lang='lat' dir='ltr'>qui</span> <span class='ocrx_word' id='word_1_130' title='bbox 381 1226 485 1295; x_wconf 87' lang='lat' dir='ltr'>potens</span> <span class='ocrx_word' id='word_1_131' title='bbox 499 1241 562 1279; x_wconf 90' lang='lat' dir='ltr'>sum</span> <span class='ocrx_word' id='word_1_132' title='bbox 579 1225 648 1280; x_wconf 91' lang='lat' dir='ltr'>dare</span> <span class='ocrx_word' id='word_1_133' title='bbox 664 1225 740 1297; x_wconf 92' lang='lat' dir='ltr'>quod</span> <span class='ocrx_word' id='word_1_134' title='bbox 754 1224 860 1291; x_wconf 88' lang='lat' dir='ltr'>orabit;</span> <span class='ocrx_word' id='word_1_135' title='bbox 867 1241 919 1294; x_wconf 90' lang='lat' dir='ltr'>po·</span> <span class='ocrx_word' id='word_1_136' title='bbox 969 1227 1015 1278; x_wconf 89' lang='grc' dir='ltr'>εει</span> <span class='ocrx_word' id='word_1_137' title='bbox 1027 1225 1231 1279; x_wconf 88' lang='lat' dir='ltr'>tautummodo</span> <span class='ocrx_word' id='word_1_138' title='bbox 1247 1239 1306 1277; x_wconf 90' lang='lat' dir='ltr'>nou</span> <span class='ocrx_word' id='word_1_139' title='bbox 1326 1223 1479 1290; x_wconf 89' lang='lat' dir='ltr'>custodire,</span> <span class='ocrx_word' id='word_1_140' title='bbox 1498 1239 1586 1296; x_wconf 84' lang='lat' dir='ltr'>quam</span> <span class='ocrx_word' id='word_1_141' title='bbox 1602 1238 1660 1277; x_wconf 92' lang='lat' dir='ltr'>nou</span> <span class='ocrx_word' id='word_1_142' title='bbox 1681 1226 1773 1277; x_wconf 90' lang='lat' dir='ltr'>custo-</span> 
     </span>
     <span class='ocr_line' id='line_1_12' title="bbox 110 1309 1773 1382; baseline 0 -19"><span class='ocrx_word' id='word_1_143' title='bbox 110 1326 187 1377; x_wconf 85' lang='lat' dir='ltr'>aam,</span> <span class='ocrx_word' id='word_1_144' title='bbox 201 1309 230 1364; x_wconf 94' lang='lat' dir='ltr'>id</span> <span class='ocrx_word' id='word_1_145' title='bbox 245 1312 288 1364; x_wconf 86' lang='lat' dir='ltr'>est</span> <span class='ocrx_word' id='word_1_146' title='bbox 301 1309 406 1366; x_wconf 78' lang='lat' dir='ltr'>faciam</span> <span class='ocrx_word' id='word_1_147' title='bbox 420 1310 495 1365; x_wconf 84' lang='lat' dir='ltr'>illam</span> <span class='ocrx_word' id='word_1_148' title='bbox 504 1314 715 1382; x_wconf 72' lang='lat' dir='ltr'>primogenitam</span> <span class='ocrx_word' id='word_1_149' title='bbox 725 1315 918 1380; x_wconf 88' lang='lat' dir='ltr'>mortuorum,</span> <span class='ocrx_word' id='word_1_150' title='bbox 970 1311 1076 1366; x_wconf 88' lang='lat' dir='ltr'>diendo</span> <span class='ocrx_word' id='word_1_151' title='bbox 1089 1311 1255 1382; x_wconf 75' lang='lat' dir='ltr'>profanare)</span> <span class='ocrx_word' id='word_1_152' title='bbox 1264 1328 1271 1378; x_wconf 87' lang='grc'>;</span> <span class='ocrx_word' id='word_1_153' title='bbox 1281 1309 1392 1364; x_wconf 78' lang='lat' dir='ltr'>visitabo</span> <span class='ocrx_word' id='word_1_154' title='bbox 1402 1313 1521 1380; x_wconf 73' lang='lat' dir='ltr'>iaairaa,</span> <span class='ocrx_word' id='word_1_155' title='bbox 1532 1310 1563 1364; x_wconf 91' lang='lat' dir='ltr'>id</span> <span class='ocrx_word' id='word_1_156' title='bbox 1576 1313 1618 1365; x_wconf 89' lang='lat' dir='ltr'>est</span> <span class='ocrx_word' id='word_1_157' title='bbox 1627 1309 1773 1380; x_wconf 80' lang='lat' dir='ltr'>corrigam</span> 
     </span>
     <span class='ocr_line' id='line_1_13' title="bbox 112 1396 1772 1473; baseline -0.001 -21"><span class='ocrx_word' id='word_1_158' title='bbox 112 1396 143 1454; x_wconf 91' lang='lat' dir='ltr'>id</span> <span class='ocrx_word' id='word_1_159' title='bbox 152 1401 196 1454; x_wconf 85' lang='lat' dir='ltr'>est</span> <span class='ocrx_word' id='word_1_160' title='bbox 205 1398 310 1453; x_wconf 84' lang='lat' dir='ltr'>inciam</span> <span class='ocrx_word' id='word_1_161' title='bbox 321 1402 352 1454; x_wconf 92' lang='lat' dir='ltr'>ut</span> <span class='ocrx_word' id='word_1_162' title='bbox 368 1399 479 1471; x_wconf 88' lang='lat' dir='ltr'>primus</span> <span class='ocrx_word' id='word_1_163' title='bbox 490 1405 647 1473; x_wconf 76' lang='lat' dir='ltr'>generetur</span> <span class='ocrx_word' id='word_1_164' title='bbox 661 1402 690 1456; x_wconf 94' lang='lat' dir='ltr'>in</span> <span class='ocrx_word' id='word_1_165' title='bbox 714 1399 918 1457; x_wconf 87' lang='lat' dir='ltr'>immortalita-</span> <span class='ocrx_word' id='word_1_166' title='bbox 969 1398 998 1452; x_wconf 91' lang='lat' dir='ltr'>iu</span> <span class='ocrx_word' id='word_1_167' title='bbox 1016 1398 1123 1453; x_wconf 90' lang='lat' dir='ltr'>minori</span> <span class='ocrx_word' id='word_1_168' title='bbox 1137 1400 1256 1455; x_wconf 89' lang='lat' dir='ltr'>verbere</span> <span class='ocrx_word' id='word_1_169' title='bbox 1271 1401 1435 1471; x_wconf 78' lang='lat' dir='ltr'>iniquitates,</span> <span class='ocrx_word' id='word_1_170' title='bbox 1449 1398 1479 1453; x_wconf 92' lang='lat' dir='ltr'>id</span> <span class='ocrx_word' id='word_1_171' title='bbox 1493 1402 1536 1453; x_wconf 89' lang='lat' dir='ltr'>cst</span> <span class='ocrx_word' id='word_1_172' title='bbox 1551 1397 1772 1453; x_wconf 84' lang='lat' dir='ltr'>minoresoiien·</span> 
     </span>
     <span class='ocr_line' id='line_1_14' title="bbox 112 1485 1773 1562; baseline -0.001 -21"><span class='ocrx_word' id='word_1_173' title='bbox 112 1490 173 1541; x_wconf 89' lang='lat' dir='ltr'>tem</span> <span class='ocrx_word' id='word_1_174' title='bbox 185 1489 214 1542; x_wconf 85' lang='lat' dir='ltr'>el</span> <span class='ocrx_word' id='word_1_175' title='bbox 224 1486 496 1558; x_wconf 87' lang='lat' dir='ltr'>impassibilitatem,</span> <span class='ocrx_word' id='word_1_176' title='bbox 508 1493 536 1544; x_wconf 92' lang='lat' dir='ltr'>et</span> <span class='ocrx_word' id='word_1_177' title='bbox 550 1490 648 1562; x_wconf 90' lang='lat' dir='ltr'>sicper</span> <span class='ocrx_word' id='word_1_178' title='bbox 661 1489 828 1546; x_wconf 91' lang='lat' dir='ltr'>eumcuncti</span> <span class='ocrx_word' id='word_1_179' title='bbox 843 1505 921 1545; x_wconf 90' lang='lat' dir='ltr'>mor·</span> <span class='ocrx_word' id='word_1_180' title='bbox 969 1503 1014 1543; x_wconf 91' lang='lat' dir='ltr'>sas</span> <span class='ocrx_word' id='word_1_181' title='bbox 1027 1503 1130 1543; x_wconf 90' lang='lat' dir='ltr'>eorum</span> <span class='ocrx_word' id='word_1_182' title='bbox 1145 1487 1194 1559; x_wconf 93' lang='lat' dir='ltr'>qui</span> <span class='ocrx_word' id='word_1_183' title='bbox 1209 1486 1348 1542; x_wconf 88' lang='lat' dir='ltr'>mandata</span> <span class='ocrx_word' id='word_1_184' title='bbox 1363 1502 1429 1541; x_wconf 89' lang='lat' dir='ltr'>mea</span> <span class='ocrx_word' id='word_1_185' title='bbox 1449 1502 1509 1541; x_wconf 87' lang='lat' dir='ltr'>non</span> <span class='ocrx_word' id='word_1_186' title='bbox 1528 1485 1716 1540; x_wconf 87' lang='lat' dir='ltr'>custodierint</span> <span class='ocrx_word' id='word_1_187' title='bbox 1729 1486 1773 1539; x_wconf 77' lang='lat' dir='ltr'>:A</span> 
     </span>
     <span class='ocr_line' id='line_1_15' title="bbox 112 1571 1774 1648; baseline -0.001 -19"><span class='ocrx_word' id='word_1_188' title='bbox 112 1575 153 1630; x_wconf 92' lang='lat' dir='ltr'>tui</span> <span class='ocrx_word' id='word_1_189' title='bbox 168 1575 296 1631; x_wconf 87' lang='lat' dir='ltr'>salvandi</span> <span class='ocrx_word' id='word_1_190' title='bbox 311 1581 488 1648; x_wconf 85' lang='lat' dir='ltr'>generentur</span> <span class='ocrx_word' id='word_1_191' title='bbox 503 1577 650 1635; x_wconf 84' lang='lat' dir='ltr'>inluturo.</span> <span class='ocrx_word' id='word_1_192' title='bbox 667 1578 748 1634; x_wconf 89' lang='lat' dir='ltr'>Unde</span> <span class='ocrx_word' id='word_1_193' title='bbox 759 1577 919 1634; x_wconf 80' lang='lat' dir='ltr'>ioannesin</span> <span class='ocrx_word' id='word_1_194' title='bbox 970 1575 1158 1631; x_wconf 83' lang='lat' dir='ltr'>similitudine</span> <span class='ocrx_word' id='word_1_195' title='bbox 1186 1591 1343 1646; x_wconf 89' lang='lat' dir='ltr'>puerorum</span> <span class='ocrx_word' id='word_1_196' title='bbox 1367 1576 1463 1630; x_wconf 90' lang='lat' dir='ltr'>minus</span> <span class='ocrx_word' id='word_1_197' title='bbox 1486 1573 1706 1640; x_wconf 78' lang='lat' dir='ltr'>offendentium,</span> <span class='ocrx_word' id='word_1_198' title='bbox 1726 1571 1774 1644; x_wconf 90' lang='lat' dir='ltr'>qui</span> 
     </span>
     <span class='ocr_line' id='line_1_16' title="bbox 110 1660 1776 1740; baseline -0.001 -22"><span class='ocrx_word' id='word_1_199' title='bbox 110 1664 299 1737; x_wconf 76' lang='lat' dir='ltr'>Apocalypsi:</span> <span class='ocrx_word' id='word_1_200' title='bbox 315 1686 329 1715; x_wconf 90' lang='lat'>«</span> <span class='ocrx_word' id='word_1_201' title='bbox 342 1665 556 1737; x_wconf 89' lang='lat' dir='ltr'>Primogenitus</span> <span class='ocrx_word' id='word_1_202' title='bbox 575 1670 759 1723; x_wconf 88' lang='lat' dir='ltr'>mortuorum</span> <span class='ocrx_word' id='word_1_203' title='bbox 774 1667 879 1740; x_wconf 66' lang='grc' dir='ltr'>4(Αεοε.</span> <span class='ocrx_word' id='word_1_204' title='bbox 898 1683 919 1734; x_wconf 86' lang='grc' dir='ltr'>ι,</span> <span class='ocrx_word' id='word_1_205' title='bbox 970 1663 1057 1736; x_wconf 79' lang='lat' dir='ltr'>virgae</span> <span class='ocrx_word' id='word_1_206' title='bbox 1072 1664 1258 1735; x_wconf 85' lang='lat' dir='ltr'>percussione</span> <span class='ocrx_word' id='word_1_207' title='bbox 1273 1663 1469 1737; x_wconf 87' lang='lat' dir='ltr'>corriguntur.</span> <span class='ocrx_word' id='word_1_208' title='bbox 1486 1662 1524 1717; x_wconf 88' lang='lat' dir='ltr'>Et</span> <span class='ocrx_word' id='word_1_209' title='bbox 1539 1661 1670 1727; x_wconf 86' lang='lat' dir='ltr'>visitabo,</span> <span class='ocrx_word' id='word_1_210' title='bbox 1691 1660 1776 1716; x_wconf 88' lang='lat' dir='ltr'>idest</span> 
     </span>
     <span class='ocr_line' id='line_1_17' title="bbox 111 1749 1777 1827; baseline -0.002 -21"><span class='ocrx_word' id='word_1_211' title='bbox 111 1751 138 1823; x_wconf 79' lang='grc' dir='ltr'>ὅ)</span> <span class='ocrx_word' id='word_1_212' title='bbox 154 1768 161 1807; x_wconf 90' lang='lat'>:</span> <span class='ocrx_word' id='word_1_213' title='bbox 175 1772 189 1802; x_wconf 81' lang='lat' dir='ltr'>a</span> <span class='ocrx_word' id='word_1_214' title='bbox 205 1753 239 1807; x_wconf 87' lang='lat' dir='ltr'>Et</span> <span class='ocrx_word' id='word_1_215' title='bbox 253 1754 405 1824; x_wconf 78' lang='lat' dir='ltr'>Apostolus</span> <span class='ocrx_word' id='word_1_216' title='bbox 417 1771 423 1809; x_wconf 92' lang='lat'>:</span> <span class='ocrx_word' id='word_1_217' title='bbox 434 1774 450 1807; x_wconf 78' lang='lat' dir='ltr'>a</span> <span class='ocrx_word' id='word_1_218' title='bbox 465 1754 679 1827; x_wconf 85' lang='lat' dir='ltr'>Primogenitus</span> <span class='ocrx_word' id='word_1_219' title='bbox 712 1756 788 1811; x_wconf 88' lang='lat' dir='ltr'>inter</span> <span class='ocrx_word' id='word_1_220' title='bbox 814 1751 957 1811; x_wconf 89' lang='lat' dir='ltr'>multosB</span> <span class='ocrx_word' id='word_1_221' title='bbox 971 1753 1116 1824; x_wconf 84' lang='lat' dir='ltr'>corrigam</span> <span class='ocrx_word' id='word_1_222' title='bbox 1128 1755 1155 1806; x_wconf 85' lang='lat' dir='ltr'>in</span> <span class='ocrx_word' id='word_1_223' title='bbox 1167 1752 1327 1820; x_wconf 80' lang='lat' dir='ltr'>verberibus,</span> <span class='ocrx_word' id='word_1_224' title='bbox 1344 1752 1373 1807; x_wconf 93' lang='lat' dir='ltr'>id</span> <span class='ocrx_word' id='word_1_225' title='bbox 1388 1755 1431 1808; x_wconf 88' lang='lat' dir='ltr'>est</span> <span class='ocrx_word' id='word_1_226' title='bbox 1446 1753 1475 1807; x_wconf 93' lang='lat' dir='ltr'>in</span> <span class='ocrx_word' id='word_1_227' title='bbox 1491 1750 1606 1824; x_wconf 84' lang='lat' dir='ltr'>maguis</span> <span class='ocrx_word' id='word_1_228' title='bbox 1620 1749 1777 1804; x_wconf 88' lang='lat' dir='ltr'>correctio·</span> 
     </span>
     <span class='ocr_line' id='line_1_18' title="bbox 111 1839 1780 1914; baseline -0.001 -20"><span class='ocrx_word' id='word_1_229' title='bbox 111 1839 216 1895; x_wconf 81' lang='lat' dir='ltr'>iratres</span> <span class='ocrx_word' id='word_1_230' title='bbox 228 1840 319 1914; x_wconf 82' lang='lat' dir='ltr'>(Ram.</span> <span class='ocrx_word' id='word_1_231' title='bbox 333 1858 393 1910; x_wconf 83' lang='lat' dir='ltr'>vui,</span> <span class='ocrx_word' id='word_1_232' title='bbox 410 1845 454 1909; x_wconf 76' lang='lat'>29)</span> <span class='ocrx_word' id='word_1_233' title='bbox 466 1861 500 1896; x_wconf 76' lang='lat' dir='ltr'>:a</span> <span class='ocrx_word' id='word_1_234' title='bbox 512 1844 547 1898; x_wconf 89' lang='lat' dir='ltr'>Et</span> <span class='ocrx_word' id='word_1_235' title='bbox 570 1861 629 1899; x_wconf 91' lang='lat' dir='ltr'>uon</span> <span class='ocrx_word' id='word_1_236' title='bbox 654 1843 747 1899; x_wconf 92' lang='lat' dir='ltr'>solum</span> <span class='ocrx_word' id='word_1_237' title='bbox 755 1845 920 1914; x_wconf 75' lang='lat' dir='ltr'>primopeai·</span> <span class='ocrx_word' id='word_1_238' title='bbox 971 1843 1054 1898; x_wconf 91' lang='lat' dir='ltr'>nibus</span> <span class='ocrx_word' id='word_1_239' title='bbox 1071 1845 1099 1897; x_wconf 92' lang='grc' dir='ltr'><strong>ει</strong></span> <span class='ocrx_word' id='word_1_240' title='bbox 1110 1842 1218 1913; x_wconf 89' lang='lat' dir='ltr'>asperis</span> <span class='ocrx_word' id='word_1_241' title='bbox 1228 1849 1350 1914; x_wconf 87' lang='lat' dir='ltr'>peccata,</span> <span class='ocrx_word' id='word_1_242' title='bbox 1367 1841 1396 1896; x_wconf 93' lang='lat' dir='ltr'>id</span> <span class='ocrx_word' id='word_1_243' title='bbox 1419 1844 1461 1896; x_wconf 89' lang='lat' dir='ltr'>ost</span> <span class='ocrx_word' id='word_1_244' title='bbox 1486 1841 1611 1911; x_wconf 88' lang='lat' dir='ltr'>majores</span> <span class='ocrx_word' id='word_1_245' title='bbox 1625 1840 1723 1909; x_wconf 88' lang='lat' dir='ltr'>culpas</span> <span class='ocrx_word' id='word_1_246' title='bbox 1738 1854 1780 1892; x_wconf 90' lang='lat' dir='ltr'>ea·</span> 
     </span>
     <span class='ocr_line' id='line_1_19' title="bbox 111 1928 1775 2005; baseline -0.002 -20"><span class='ocrx_word' id='word_1_247' title='bbox 111 1933 170 1985; x_wconf 80' lang='lat' dir='ltr'>ram</span> <span class='ocrx_word' id='word_1_248' title='bbox 178 1945 279 1999; x_wconf 81' lang='lat' dir='ltr'>pariam</span> <span class='ocrx_word' id='word_1_249' title='bbox 293 1929 385 1997; x_wconf 84' lang='lat' dir='ltr'>ittam,</span> <span class='ocrx_word' id='word_1_250' title='bbox 401 1931 452 1986; x_wconf 91' lang='lat' dir='ltr'>sed</span> <span class='ocrx_word' id='word_1_251' title='bbox 465 1933 494 1986; x_wconf 90' lang='grc' dir='ltr'><strong>ει</strong></span> <span class='ocrx_word' id='word_1_252' title='bbox 507 1933 636 1988; x_wconf 75' lang='lat' dir='ltr'>excelsam</span> <span class='ocrx_word' id='word_1_253' title='bbox 651 1931 680 1986; x_wconf 91' lang='lat' dir='ltr'>in</span> <span class='ocrx_word' id='word_1_254' title='bbox 699 1931 919 2003; x_wconf 84' lang='lat' dir='ltr'>glorificatione,</span> <span class='ocrx_word' id='word_1_255' title='bbox 970 1949 1031 1986; x_wconf 85' lang='lat' dir='ltr'>rara</span> <span class='ocrx_word' id='word_1_256' title='bbox 1046 1931 1094 2005; x_wconf 95' lang='lat' dir='ltr'>qui</span> <span class='ocrx_word' id='word_1_257' title='bbox 1113 1931 1331 2004; x_wconf 86' lang='lat' dir='ltr'>profanaverint</span> <span class='ocrx_word' id='word_1_258' title='bbox 1343 1931 1468 2002; x_wconf 85' lang='lat' dir='ltr'>justitias</span> <span class='ocrx_word' id='word_1_259' title='bbox 1492 1945 1618 1998; x_wconf 81' lang='lat' dir='ltr'>meas3a</span> <span class='ocrx_word' id='word_1_260' title='bbox 1642 1928 1775 1983; x_wconf 89' lang='lat' dir='ltr'>similitu·</span> 
     </span>
     <span class='ocr_line' id='line_1_20' title="bbox 110 2017 1774 2093; baseline -0.001 -22"><span class='ocrx_word' id='word_1_261' title='bbox 110 2033 168 2089; x_wconf 77' lang='lat' dir='ltr'>pree</span> <span class='ocrx_word' id='word_1_262' title='bbox 186 2017 293 2087; x_wconf 70' lang='lat' dir='ltr'>regibus</span> <span class='ocrx_word' id='word_1_263' title='bbox 308 2025 394 2088; x_wconf 80' lang='lat' dir='ltr'>terra,</span> <span class='ocrx_word' id='word_1_264' title='bbox 410 2019 491 2074; x_wconf 89' lang='lat' dir='ltr'>idest</span> <span class='ocrx_word' id='word_1_265' title='bbox 507 2037 566 2092; x_wconf 83' lang='lat' dir='ltr'>prce</span> <span class='ocrx_word' id='word_1_266' title='bbox 583 2020 719 2076; x_wconf 89' lang='lat' dir='ltr'>omnibus</span> <span class='ocrx_word' id='word_1_267' title='bbox 729 2019 861 2075; x_wconf 86' lang='lat' dir='ltr'>lldelibus</span> <span class='ocrx_word' id='word_1_268' title='bbox 874 2036 920 2075; x_wconf 87' lang='lat' dir='ltr'>re·</span> <span class='ocrx_word' id='word_1_269' title='bbox 971 2023 1038 2080; x_wconf 89' lang='lat' dir='ltr'>diue</span> <span class='ocrx_word' id='word_1_270' title='bbox 1049 2023 1191 2093; x_wconf 85' lang='lat' dir='ltr'>juvenum</span> <span class='ocrx_word' id='word_1_271' title='bbox 1207 2020 1300 2092; x_wconf 86' lang='lat' dir='ltr'>magis</span> <span class='ocrx_word' id='word_1_272' title='bbox 1309 2018 1532 2087; x_wconf 84' lang='lat' dir='ltr'>offendentium,</span> <span class='ocrx_word' id='word_1_273' title='bbox 1546 2020 1594 2091; x_wconf 91' lang='lat' dir='ltr'>qui</span> <span class='ocrx_word' id='word_1_274' title='bbox 1605 2018 1774 2073; x_wconf 85' lang='lat' dir='ltr'>baculorum</span> 
     </span>
     <span class='ocr_line' id='line_1_21' title="bbox 113 2106 1774 2182; baseline 0.001 -23"><span class='ocrx_word' id='word_1_275' title='bbox 113 2106 247 2176; x_wconf 89' lang='lat' dir='ltr'>gentibus</span> <span class='ocrx_word' id='word_1_276' title='bbox 262 2106 336 2162; x_wconf 89' lang='lat' dir='ltr'>bene</span> <span class='ocrx_word' id='word_1_277' title='bbox 353 2107 382 2162; x_wconf 93' lang='lat' dir='ltr'>in</span> <span class='ocrx_word' id='word_1_278' title='bbox 397 2124 427 2162; x_wconf 89' lang='lat' dir='ltr'>se</span> <span class='ocrx_word' id='word_1_279' title='bbox 442 2108 769 2176; x_wconf 87' lang='lat' dir='ltr'>terrenitatem,scilicet</span> <span class='ocrx_word' id='word_1_280' title='bbox 783 2107 920 2164; x_wconf 89' lang='lat' dir='ltr'>sensuali·</span> <span class='ocrx_word' id='word_1_281' title='bbox 970 2111 1136 2168; x_wconf 88' lang='lat' dir='ltr'>verberibus</span> <span class='ocrx_word' id='word_1_282' title='bbox 1160 2111 1373 2182; x_wconf 85' lang='lat' dir='ltr'>corripiuntur3</span> <span class='ocrx_word' id='word_1_283' title='bbox 1391 2127 1423 2165; x_wconf 90' lang='lat' dir='ltr'>ac</span> <span class='ocrx_word' id='word_1_284' title='bbox 1438 2111 1460 2165; x_wconf 92' lang='lat' dir='ltr'>si</span> <span class='ocrx_word' id='word_1_285' title='bbox 1478 2110 1555 2164; x_wconf 87' lang='lat' dir='ltr'>dicat</span> <span class='ocrx_word' id='word_1_286' title='bbox 1571 2125 1578 2164; x_wconf 93' lang='lat'><strong>:</strong></span> <span class='ocrx_word' id='word_1_287' title='bbox 1595 2107 1624 2163; x_wconf 88' lang='lat' dir='ltr'>Si</span> <span class='ocrx_word' id='word_1_288' title='bbox 1646 2107 1697 2162; x_wconf 85' lang='lat' dir='ltr'>filii</span> <span class='ocrx_word' id='word_1_289' title='bbox 1713 2107 1774 2177; x_wconf 89' lang='lat' dir='ltr'>ejus</span> 
     </span>
     <span class='ocr_line' id='line_1_22' title="bbox 113 2196 1775 2271; baseline -0.001 -21"><span class='ocrx_word' id='word_1_290' title='bbox 113 2196 261 2258; x_wconf 75' lang='lat' dir='ltr'>talemne</span> <span class='ocrx_word' id='word_1_291' title='bbox 275 2196 723 2270; x_wconf 87' lang='lat' dir='ltr'>repugnetnimisspiritualitati;</span> <span class='ocrx_word' id='word_1_292' title='bbox 741 2197 867 2269; x_wconf 89' lang='lat' dir='ltr'>quodest</span> <span class='ocrx_word' id='word_1_293' title='bbox 881 2196 922 2253; x_wconf 92' lang='lat' dir='ltr'>di·</span> <span class='ocrx_word' id='word_1_294' title='bbox 971 2198 1155 2270; x_wconf 81' lang='lat' dir='ltr'>offenderint,</span> <span class='ocrx_word' id='word_1_295' title='bbox 1172 2199 1317 2271; x_wconf 88' lang='lat' dir='ltr'>castigabo</span> <span class='ocrx_word' id='word_1_296' title='bbox 1334 2216 1383 2255; x_wconf 90' lang='lat' dir='ltr'>eos</span> <span class='ocrx_word' id='word_1_297' title='bbox 1398 2215 1450 2271; x_wconf 87' lang='lat' dir='ltr'>per</span> <span class='ocrx_word' id='word_1_298' title='bbox 1470 2197 1662 2263; x_wconf 86' lang='lat' dir='ltr'>infirmitates,</span> <span class='ocrx_word' id='word_1_299' title='bbox 1680 2200 1709 2251; x_wconf 88' lang='lat' dir='ltr'>el</span> <span class='ocrx_word' id='word_1_300' title='bbox 1722 2210 1775 2266; x_wconf 90' lang='lat' dir='ltr'>per</span> 
     </span>
     <span class='ocr_line' id='line_1_23' title="bbox 112 2281 1776 2359; baseline -0.001 -21"><span class='ocrx_word' id='word_1_301' title='bbox 112 2297 194 2338; x_wconf 84' lang='lat' dir='ltr'>cere:</span> <span class='ocrx_word' id='word_1_302' title='bbox 205 2281 277 2339; x_wconf 89' lang='lat' dir='ltr'>Cum</span> <span class='ocrx_word' id='word_1_303' title='bbox 293 2284 485 2340; x_wconf 81' lang='lat' dir='ltr'>ildelesl&#39;uturi</span> <span class='ocrx_word' id='word_1_304' title='bbox 494 2286 551 2340; x_wconf 90' lang='lat' dir='ltr'>sint</span> <span class='ocrx_word' id='word_1_305' title='bbox 565 2286 701 2342; x_wconf 82' lang='lat' dir='ltr'>excelsiet</span> <span class='ocrx_word' id='word_1_306' title='bbox 718 2287 845 2358; x_wconf 91' lang='lat' dir='ltr'>gloriosi,</span> <span class='ocrx_word' id='word_1_307' title='bbox 861 2285 920 2359; x_wconf 89' lang='lat' dir='ltr'>ipso</span> <span class='ocrx_word' id='word_1_308' title='bbox 970 2288 1040 2343; x_wconf 90' lang='lat' dir='ltr'>alias</span> <span class='ocrx_word' id='word_1_309' title='bbox 1055 2304 1125 2359; x_wconf 89' lang='lat' dir='ltr'>quas</span> <span class='ocrx_word' id='word_1_310' title='bbox 1141 2287 1182 2343; x_wconf 90' lang='lat' dir='ltr'>eis</span> <span class='ocrx_word' id='word_1_311' title='bbox 1191 2287 1316 2342; x_wconf 87' lang='lat' dir='ltr'>inieram</span> <span class='ocrx_word' id='word_1_312' title='bbox 1324 2287 1480 2343; x_wconf 83' lang='lat' dir='ltr'>anxietates</span> <span class='ocrx_word' id='word_1_313' title='bbox 1491 2303 1497 2342; x_wconf 74' lang='grc' dir='ltr'><strong>ι</strong></span> <span class='ocrx_word' id='word_1_314' title='bbox 1509 2302 1573 2359; x_wconf 82' lang='lat' dir='ltr'>quae</span> <span class='ocrx_word' id='word_1_315' title='bbox 1583 2284 1682 2340; x_wconf 91' lang='lat' dir='ltr'>omnia</span> <span class='ocrx_word' id='word_1_316' title='bbox 1690 2285 1776 2339; x_wconf 86' lang='lat' dir='ltr'>erunt</span> 
     </span>
     <span class='ocr_line' id='line_1_24' title="bbox 114 2373 1541 2449; baseline 0.005 -24"><span class='ocrx_word' id='word_1_317' title='bbox 114 2373 213 2428; x_wconf 89' lang='lat' dir='ltr'>tamen</span> <span class='ocrx_word' id='word_1_318' title='bbox 226 2373 351 2428; x_wconf 84' lang='lat' dir='ltr'>excelsus</span> <span class='ocrx_word' id='word_1_319' title='bbox 378 2373 434 2428; x_wconf 89' lang='lat' dir='ltr'>erit</span> <span class='ocrx_word' id='word_1_320' title='bbox 452 2388 511 2444; x_wconf 83' lang='lat' dir='ltr'>prae</span> <span class='ocrx_word' id='word_1_321' title='bbox 539 2374 674 2430; x_wconf 91' lang='lat' dir='ltr'>omuibus</span> <span class='ocrx_word' id='word_1_322' title='bbox 686 2373 750 2429; x_wconf 91' lang='lat' dir='ltr'>illis.</span> <span class='ocrx_word' id='word_1_323' title='bbox 767 2375 816 2429; x_wconf 92' lang='lat' dir='ltr'>Vel</span> <span class='ocrx_word' id='word_1_324' title='bbox 831 2373 869 2428; x_wconf 92' lang='lat' dir='ltr'>sic</span> <span class='ocrx_word' id='word_1_325' title='bbox 884 2374 920 2428; x_wconf 84' lang='lat' dir='ltr'>ad</span> <span class='ocrx_word' id='word_1_326' title='bbox 970 2376 1010 2431; x_wconf 90' lang='lat' dir='ltr'>eis</span> <span class='ocrx_word' id='word_1_327' title='bbox 1020 2375 1150 2449; x_wconf 90' lang='lat' dir='ltr'>piissima</span> <span class='ocrx_word' id='word_1_328' title='bbox 1164 2375 1393 2431; x_wconf 87' lang='lat' dir='ltr'>ctsaluberrima</span> <span class='ocrx_word' id='word_1_329' title='bbox 1407 2375 1541 2432; x_wconf 84' lang='lat' dir='ltr'>visitatio.</span> 
     </span>
     <span class='ocr_line' id='line_1_25' title="bbox 113 2459 1775 2536; baseline 0.001 -20"><span class='ocrx_word' id='word_1_330' title='bbox 113 2459 242 2516; x_wconf 87' lang='lat' dir='ltr'>litteram</span> <span class='ocrx_word' id='word_1_331' title='bbox 255 2478 261 2515; x_wconf 91' lang='lat'>:</span> <span class='ocrx_word' id='word_1_332' title='bbox 268 2479 370 2533; x_wconf 83' lang='lat' dir='ltr'>porram</span> <span class='ocrx_word' id='word_1_333' title='bbox 385 2462 461 2516; x_wconf 86' lang='lat' dir='ltr'>ittam</span> <span class='ocrx_word' id='word_1_334' title='bbox 473 2462 600 2517; x_wconf 74' lang='lat' dir='ltr'>excetram</span> <span class='ocrx_word' id='word_1_335' title='bbox 623 2481 683 2534; x_wconf 80' lang='lat' dir='ltr'>pra</span> <span class='ocrx_word' id='word_1_336' title='bbox 706 2463 809 2535; x_wconf 72' lang='lat' dir='ltr'>regibus</span> <span class='ocrx_word' id='word_1_337' title='bbox 834 2469 919 2531; x_wconf 77' lang='lat' dir='ltr'>terra,</span> <span class='ocrx_word' id='word_1_338' title='bbox 1005 2464 1205 2519; x_wconf 88' lang='lat' dir='ltr'>Etnotandum</span> <span class='ocrx_word' id='word_1_339' title='bbox 1218 2464 1297 2536; x_wconf 93' lang='lat' dir='ltr'>quod</span> <span class='ocrx_word' id='word_1_340' title='bbox 1306 2464 1380 2519; x_wconf 93' lang='lat' dir='ltr'>hanc</span> <span class='ocrx_word' id='word_1_341' title='bbox 1393 2463 1616 2536; x_wconf 88' lang='lat' dir='ltr'>promissionem</span> <span class='ocrx_word' id='word_1_342' title='bbox 1624 2462 1775 2535; x_wconf 87' lang='lat' dir='ltr'>correctio·</span> 
     </span>
     <span class='ocr_line' id='line_1_26' title="bbox 114 2547 1826 2625; baseline 0.002 -22"><span class='ocrx_word' id='word_1_343' title='bbox 114 2547 798 2625; x_wconf 84' lang='lat' dir='ltr'>scilieetulmulliregesterrreeisesubjiciant,</span> <span class='ocrx_word' id='word_1_344' title='bbox 815 2555 920 2608; x_wconf 84' lang='lat' dir='ltr'>etcum</span> <span class='ocrx_word' id='word_1_345' title='bbox 971 2549 1015 2605; x_wconf 92' lang='lat' dir='ltr'>nis</span> <span class='ocrx_word' id='word_1_346' title='bbox 1031 2554 1059 2604; x_wconf 93' lang='grc' dir='ltr'><strong>ει</strong></span> <span class='ocrx_word' id='word_1_347' title='bbox 1082 2550 1287 2607; x_wconf 74' lang='lat' dir='ltr'>misericordiae</span> <span class='ocrx_word' id='word_1_348' title='bbox 1312 2552 1428 2607; x_wconf 87' lang='lat' dir='ltr'>lacitdc</span> <span class='ocrx_word' id='word_1_349' title='bbox 1450 2551 1712 2607; x_wconf 88' lang='lat' dir='ltr'>illisssliistantum</span> <span class='ocrx_word' id='word_1_350' title='bbox 1725 2551 1774 2623; x_wconf 92' lang='lat' dir='ltr'>qul</span> <span class='ocrx_word' id='word_1_351' title='bbox 1824 2554 1826 2558; x_wconf 71' lang='lat'>‘</span> 
     </span>
     <span class='ocr_line' id='line_1_27' title="bbox 115 2637 1773 2712; baseline 0.003 -22"><span class='ocrx_word' id='word_1_352' title='bbox 115 2637 243 2692; x_wconf 78' lang='lat' dir='ltr'>errabam</span> <span class='ocrx_word' id='word_1_353' title='bbox 259 2654 318 2693; x_wconf 87' lang='lat' dir='ltr'>esse</span> <span class='ocrx_word' id='word_1_354' title='bbox 329 2643 515 2710; x_wconf 86' lang='lat' dir='ltr'>cognoscant,</span> <span class='ocrx_word' id='word_1_355' title='bbox 534 2643 562 2696; x_wconf 91' lang='lat' dir='ltr'>et</span> <span class='ocrx_word' id='word_1_356' title='bbox 577 2642 741 2696; x_wconf 79' lang='lat' dir='ltr'>inaeterrarm</span> <span class='ocrx_word' id='word_1_357' title='bbox 751 2641 859 2696; x_wconf 81' lang='lat' dir='ltr'>servabo</span> <span class='ocrx_word' id='word_1_358' title='bbox 868 2642 921 2695; x_wconf 89' lang='lat' dir='ltr'>mi·</span> <span class='ocrx_word' id='word_1_359' title='bbox 971 2638 1098 2693; x_wconf 88' lang='lat' dir='ltr'>salvandi</span> <span class='ocrx_word' id='word_1_360' title='bbox 1110 2642 1186 2694; x_wconf 91' lang='lat' dir='ltr'>sunt.</span> <span class='ocrx_word' id='word_1_361' title='bbox 1195 2640 1301 2712; x_wconf 84' lang='lat' dir='ltr'>Legem</span> <span class='ocrx_word' id='word_1_362' title='bbox 1315 2643 1425 2707; x_wconf 89' lang='lat' dir='ltr'>autem,</span> <span class='ocrx_word' id='word_1_363' title='bbox 1439 2640 1469 2695; x_wconf 93' lang='lat' dir='ltr'>id</span> <span class='ocrx_word' id='word_1_364' title='bbox 1482 2640 1711 2711; x_wconf 88' lang='lat' dir='ltr'>esldisciplinam</span> <span class='ocrx_word' id='word_1_365' title='bbox 1721 2655 1773 2710; x_wconf 92' lang='lat' dir='ltr'>po·</span> 
     </span>
     <span class='ocr_line' id='line_1_28' title="bbox 113 2725 1775 2801; baseline 0.002 -23"><span class='ocrx_word' id='word_1_366' title='bbox 113 2725 284 2780; x_wconf 82' lang='lat' dir='ltr'>rericordiam</span> <span class='ocrx_word' id='word_1_367' title='bbox 298 2725 348 2794; x_wconf 85' lang='lat' dir='ltr'>iili,</span> <span class='ocrx_word' id='word_1_368' title='bbox 365 2727 441 2782; x_wconf 90' lang='lat' dir='ltr'>etad</span> <span class='ocrx_word' id='word_1_369' title='bbox 458 2745 529 2800; x_wconf 87' lang='lat' dir='ltr'>opus</span> <span class='ocrx_word' id='word_1_370' title='bbox 544 2729 616 2800; x_wconf 90' lang='lat' dir='ltr'>ejus,</span> <span class='ocrx_word' id='word_1_371' title='bbox 632 2733 661 2785; x_wconf 88' lang='lat' dir='ltr'>el</span> <span class='ocrx_word' id='word_1_372' title='bbox 676 2729 712 2785; x_wconf 92' lang='lat' dir='ltr'>ad</span> <span class='ocrx_word' id='word_1_373' title='bbox 730 2746 801 2801; x_wconf 91' lang='lat' dir='ltr'>opus</span> <span class='ocrx_word' id='word_1_374' title='bbox 825 2745 920 2784; x_wconf 91' lang='lat' dir='ltr'>mem·</span> <span class='ocrx_word' id='word_1_375' title='bbox 971 2728 1024 2796; x_wconf 87' lang='lat' dir='ltr'>nit,</span> <span class='ocrx_word' id='word_1_376' title='bbox 1036 2744 1071 2783; x_wconf 92' lang='grc' dir='ltr'><strong>εο</strong></span> <span class='ocrx_word' id='word_1_377' title='bbox 1086 2729 1164 2800; x_wconf 92' lang='lat' dir='ltr'>quod</span> <span class='ocrx_word' id='word_1_378' title='bbox 1172 2729 1662 2800; x_wconf 85' lang='lat' dir='ltr'>validiusdicuuturleges,instituta</span> <span class='ocrx_word' id='word_1_379' title='bbox 1670 2728 1718 2783; x_wconf 87' lang='lat' dir='ltr'>ille</span> <span class='ocrx_word' id='word_1_380' title='bbox 1725 2726 1775 2782; x_wconf 93' lang='lat' dir='ltr'>ubi</span> 
     </span>
     <span class='ocr_line' id='line_1_29' title="bbox 113 2812 1775 2889; baseline 0.001 -21"><span class='ocrx_word' id='word_1_381' title='bbox 113 2812 234 2868; x_wconf 88' lang='lat' dir='ltr'>brorum</span> <span class='ocrx_word' id='word_1_382' title='bbox 250 2814 430 2887; x_wconf 89' lang='lat' dir='ltr'>illius;quod</span> <span class='ocrx_word' id='word_1_383' title='bbox 447 2817 654 2873; x_wconf 88' lang='lat' dir='ltr'>estdicere:lu</span> <span class='ocrx_word' id='word_1_384' title='bbox 677 2823 818 2874; x_wconf 78' lang='lat' dir='ltr'>aternum</span> <span class='ocrx_word' id='word_1_385' title='bbox 834 2818 920 2873; x_wconf 90' lang='lat' dir='ltr'>mise·</span> <span class='ocrx_word' id='word_1_386' title='bbox 972 2813 1775 2889; x_wconf 85' lang='lat' dir='ltr'>devindictareorumagitur,quamubiregulavivendi</span> 
     </span>
     <span class='ocr_line' id='line_1_30' title="bbox 115 2887 1773 2980; baseline 0 -24"><span class='ocrx_word' id='word_1_387' title='bbox 115 2901 204 2957; x_wconf 90' lang='lat' dir='ltr'>rebor</span> <span class='ocrx_word' id='word_1_388' title='bbox 219 2903 328 2975; x_wconf 87' lang='lat' dir='ltr'>atejus,</span> <span class='ocrx_word' id='word_1_389' title='bbox 344 2906 374 2959; x_wconf 90' lang='grc' dir='ltr'><strong>ει</strong></span> <span class='ocrx_word' id='word_1_390' title='bbox 391 2905 593 2961; x_wconf 89' lang='lat' dir='ltr'>membrorum</span> <span class='ocrx_word' id='word_1_391' title='bbox 608 2907 679 2978; x_wconf 89' lang='lat' dir='ltr'>ejus,</span> <span class='ocrx_word' id='word_1_392' title='bbox 697 2911 728 2962; x_wconf 89' lang='lat' dir='ltr'>ut</span> <span class='ocrx_word' id='word_1_393' title='bbox 746 2923 860 2980; x_wconf 86' lang='lat' dir='ltr'>semper</span> <span class='ocrx_word' id='word_1_394' title='bbox 874 2922 923 2962; x_wconf 91' lang='lat' dir='ltr'>eos</span> <span class='ocrx_word' id='word_1_395' title='bbox 972 2887 1470 2977; x_wconf 80' lang='lat' dir='ltr'>360disponitur.llicoquoniam</span> <span class='ocrx_word' id='word_1_396' title='bbox 1480 2905 1591 2959; x_wconf 78' lang='lat' dir='ltr'>visitabo</span> <span class='ocrx_word' id='word_1_397' title='bbox 1603 2906 1687 2959; x_wconf 84' lang='lat' dir='ltr'>cosia</span> <span class='ocrx_word' id='word_1_398' title='bbox 1697 2904 1773 2973; x_wconf 71' lang='lat' dir='ltr'>virga</span> 
     </span>
     <span class='ocr_line' id='line_1_31' title="bbox 116 2991 1772 3092; baseline 0.001 -48"><span class='ocrx_word' id='word_1_399' title='bbox 116 2992 282 3046; x_wconf 87' lang='lat' dir='ltr'>constantes</span> <span class='ocrx_word' id='word_1_400' title='bbox 289 2991 405 3049; x_wconf 85' lang='lat' dir='ltr'>faciam.</span> <span class='ocrx_word' id='word_1_401' title='bbox 936 2999 997 3092; x_wconf 79' lang='lat' dir='ltr'>cet</span> <span class='ocrx_word' id='word_1_402' title='bbox 1010 2995 1042 3048; x_wconf 84' lang='lat' dir='ltr'>in</span> <span class='ocrx_word' id='word_1_403' title='bbox 1056 2993 1211 3050; x_wconf 74' lang='lat' dir='ltr'>cerieribas.</span> <span class='ocrx_word' id='word_1_404' title='bbox 1228 2993 1443 3050; x_wconf 83' lang='lat' dir='ltr'>Misericordiam</span> <span class='ocrx_word' id='word_1_405' title='bbox 1457 3001 1546 3048; x_wconf 84' lang='lat' dir='ltr'>autem</span> <span class='ocrx_word' id='word_1_406' title='bbox 1563 3011 1649 3048; x_wconf 86' lang='lat' dir='ltr'>meam</span> <span class='ocrx_word' id='word_1_407' title='bbox 1663 3008 1717 3048; x_wconf 79' lang='lat' dir='ltr'>reon</span> <span class='ocrx_word' id='word_1_408' title='bbox 1731 2991 1772 3045; x_wconf 86' lang='lat' dir='ltr'>di·</span> 
     </span>
     <span class='ocr_line' id='line_1_32' title="bbox 149 3077 1773 3156; baseline 0.001 -24"><span class='ocrx_word' id='word_1_409' title='bbox 149 3077 188 3132; x_wconf 75' lang='lat' dir='ltr'>ur</span> <span class='ocrx_word' id='word_1_410' title='bbox 201 3081 238 3134; x_wconf 82' lang='lat' dir='ltr'>ric</span> <span class='ocrx_word' id='word_1_411' title='bbox 257 3087 451 3151; x_wconf 84' lang='lat' dir='ltr'>testamentum,</span> <span class='ocrx_word' id='word_1_412' title='bbox 467 3081 498 3138; x_wconf 95' lang='lat' dir='ltr'>id</span> <span class='ocrx_word' id='word_1_413' title='bbox 517 3085 561 3139; x_wconf 88' lang='lat' dir='ltr'>ast</span> <span class='ocrx_word' id='word_1_414' title='bbox 572 3086 690 3156; x_wconf 90' lang='lat' dir='ltr'>pactum</span> <span class='ocrx_word' id='word_1_415' title='bbox 713 3100 801 3139; x_wconf 87' lang='lat' dir='ltr'>meum</span> <span class='ocrx_word' id='word_1_416' title='bbox 813 3083 922 3139; x_wconf 90' lang='lat' dir='ltr'>iactum</span> <span class='ocrx_word' id='word_1_417' title='bbox 971 3098 1093 3153; x_wconf 77' lang='lat' dir='ltr'>sparpam</span> <span class='ocrx_word' id='word_1_418' title='bbox 1121 3081 1155 3136; x_wconf 86' lang='lat' dir='ltr'>ab</span> <span class='ocrx_word' id='word_1_419' title='bbox 1179 3099 1218 3150; x_wconf 92' lang='lat' dir='ltr'>ea,</span> <span class='ocrx_word' id='word_1_420' title='bbox 1243 3081 1330 3137; x_wconf 88' lang='lat' dir='ltr'>idest</span> <span class='ocrx_word' id='word_1_421' title='bbox 1345 3082 1395 3137; x_wconf 90' lang='lat' dir='ltr'>sed</span> <span class='ocrx_word' id='word_1_422' title='bbox 1411 3081 1553 3137; x_wconf 83' lang='lat' dir='ltr'>beneficia</span> <span class='ocrx_word' id='word_1_423' title='bbox 1568 3079 1773 3136; x_wconf 79' lang='lat' dir='ltr'>misericordia</span> 
     </span>
     <span class='ocr_line' id='line_1_33' title="bbox 114 3167 1773 3244; baseline 0 -22"><span class='ocrx_word' id='word_1_424' title='bbox 114 3167 176 3237; x_wconf 77' lang='lat' dir='ltr'>ipsi,</span> <span class='ocrx_word' id='word_1_425' title='bbox 191 3167 246 3223; x_wconf 89' lang='lat' dir='ltr'>erit</span> <span class='ocrx_word' id='word_1_426' title='bbox 259 3169 345 3238; x_wconf 76' lang='lat' dir='ltr'>fidele,</span> <span class='ocrx_word' id='word_1_427' title='bbox 359 3169 389 3226; x_wconf 93' lang='lat' dir='ltr'>id</span> <span class='ocrx_word' id='word_1_428' title='bbox 413 3183 457 3226; x_wconf 79' lang='lat' dir='ltr'>est</span> <span class='ocrx_word' id='word_1_429' title='bbox 478 3187 577 3241; x_wconf 73' lang='lat' dir='ltr'>verax,</span> <span class='ocrx_word' id='word_1_430' title='bbox 591 3170 668 3244; x_wconf 93' lang='lat' dir='ltr'>quod</span> <span class='ocrx_word' id='word_1_431' title='bbox 699 3175 741 3227; x_wconf 87' lang='lat' dir='ltr'>est</span> <span class='ocrx_word' id='word_1_432' title='bbox 756 3171 850 3228; x_wconf 89' lang='lat' dir='ltr'>dicere</span> <span class='ocrx_word' id='word_1_433' title='bbox 867 3188 873 3227; x_wconf 94' lang='lat'><strong>:</strong></span> <span class='ocrx_word' id='word_1_434' title='bbox 889 3173 923 3227; x_wconf 83' lang='lat' dir='ltr'>lit</span> <span class='ocrx_word' id='word_1_435' title='bbox 972 3186 1045 3225; x_wconf 74' lang='lat' dir='ltr'>meae</span> <span class='ocrx_word' id='word_1_436' title='bbox 1061 3186 1119 3225; x_wconf 90' lang='lat' dir='ltr'>nou</span> <span class='ocrx_word' id='word_1_437' title='bbox 1140 3185 1174 3224; x_wconf 83' lang='lat' dir='ltr'>ex</span> <span class='ocrx_word' id='word_1_438' title='bbox 1199 3172 1260 3225; x_wconf 89' lang='lat' dir='ltr'>tota</span> <span class='ocrx_word' id='word_1_439' title='bbox 1285 3170 1444 3225; x_wconf 90' lang='lat' dir='ltr'>aulerama</span> <span class='ocrx_word' id='word_1_440' title='bbox 1462 3169 1527 3225; x_wconf 88' lang='lat' dir='ltr'>liliis</span> <span class='ocrx_word' id='word_1_441' title='bbox 1546 3170 1606 3241; x_wconf 85' lang='lat' dir='ltr'>ejus</span> <span class='ocrx_word' id='word_1_442' title='bbox 1622 3167 1773 3235; x_wconf 85' lang='lat' dir='ltr'>salvandis,</span> 
     </span>
     <span class='ocr_line' id='line_1_34' title="bbox 114 3253 1773 3333; baseline 0 -24"><span class='ocrx_word' id='word_1_443' title='bbox 114 3254 182 3327; x_wconf 89' lang='lat' dir='ltr'>quia</span> <span class='ocrx_word' id='word_1_444' title='bbox 195 3256 351 3311; x_wconf 72' lang='lat' dir='ltr'>sarabaiti</span> <span class='ocrx_word' id='word_1_445' title='bbox 374 3259 600 3328; x_wconf 80' lang='lat' dir='ltr'>misericordiam,</span> <span class='ocrx_word' id='word_1_446' title='bbox 617 3274 718 3316; x_wconf 88' lang='lat' dir='ltr'>verum</span> <span class='ocrx_word' id='word_1_447' title='bbox 741 3260 795 3316; x_wconf 91' lang='lat' dir='ltr'>erit</span> <span class='ocrx_word' id='word_1_448' title='bbox 805 3263 921 3333; x_wconf 87' lang='lat' dir='ltr'>pactum</span> <span class='ocrx_word' id='word_1_449' title='bbox 972 3275 1043 3331; x_wconf 90' lang='lat' dir='ltr'>quos</span> <span class='ocrx_word' id='word_1_450' title='bbox 1057 3258 1178 3327; x_wconf 82' lang='lat' dir='ltr'>visitato,</span> <span class='ocrx_word' id='word_1_451' title='bbox 1190 3258 1297 3314; x_wconf 89' lang='lat' dir='ltr'>scilicet</span> <span class='ocrx_word' id='word_1_452' title='bbox 1308 3260 1413 3315; x_wconf 90' lang='lat' dir='ltr'>noneis</span> <span class='ocrx_word' id='word_1_453' title='bbox 1423 3259 1554 3315; x_wconf 81' lang='lat' dir='ltr'>auferam</span> <span class='ocrx_word' id='word_1_454' title='bbox 1568 3257 1656 3313; x_wconf 83' lang='lat' dir='ltr'>iidem</span> <span class='ocrx_word' id='word_1_455' title='bbox 1673 3253 1773 3312; x_wconf 88' lang='lat' dir='ltr'>etmel</span> 
     </span>
     <span class='ocr_line' id='line_1_35' title="bbox 115 3341 1804 3422; baseline 0 -24"><span class='ocrx_word' id='word_1_456' title='bbox 115 3344 193 3415; x_wconf 89' lang='lat' dir='ltr'>quod</span> <span class='ocrx_word' id='word_1_457' title='bbox 207 3343 272 3414; x_wconf 84' lang='lat' dir='ltr'>ieci,</span> <span class='ocrx_word' id='word_1_458' title='bbox 282 3344 312 3399; x_wconf 93' lang='lat' dir='ltr'>id</span> <span class='ocrx_word' id='word_1_459' title='bbox 326 3349 369 3401; x_wconf 88' lang='lat' dir='ltr'>est</span> <span class='ocrx_word' id='word_1_460' title='bbox 382 3346 487 3403; x_wconf 89' lang='lat' dir='ltr'>laciam</span> <span class='ocrx_word' id='word_1_461' title='bbox 509 3349 705 3421; x_wconf 88' lang='lat' dir='ltr'>promittendo</span> <span class='ocrx_word' id='word_1_462' title='bbox 721 3348 798 3422; x_wconf 93' lang='lat' dir='ltr'>quod</span> <span class='ocrx_word' id='word_1_463' title='bbox 814 3348 855 3403; x_wconf 85' lang='lat' dir='ltr'>itti</span> <span class='ocrx_word' id='word_1_464' title='bbox 867 3366 921 3404; x_wconf 86' lang='lat' dir='ltr'>ser·</span> <span class='ocrx_word' id='word_1_465' title='bbox 971 3344 1774 3420; x_wconf 83' lang='lat' dir='ltr'>coguitionem,etcaeterabeneficiaquaepermisericor·</span> <span class='ocrx_word' id='word_1_466' title='bbox 1800 3341 1804 3351; x_wconf 88' lang='grc'><strong>“</strong></span> 
     </span>
     <span class='ocr_line' id='line_1_36' title="bbox 115 3431 1774 3509; baseline 0.001 -24"><span class='ocrx_word' id='word_1_467' title='bbox 115 3431 183 3486; x_wconf 82' lang='lat' dir='ltr'>caba</span> <span class='ocrx_word' id='word_1_468' title='bbox 196 3434 414 3504; x_wconf 64' lang='lat' dir='ltr'>maraeordiam,</span> <span class='ocrx_word' id='word_1_469' title='bbox 428 3435 451 3490; x_wconf 87' lang='lat' dir='ltr'>si</span> <span class='ocrx_word' id='word_1_470' title='bbox 463 3435 553 3491; x_wconf 88' lang='lat' dir='ltr'>mihil</span> <span class='ocrx_word' id='word_1_471' title='bbox 554 3437 626 3492; x_wconf 92' lang='lat' dir='ltr'>uerit</span> <span class='ocrx_word' id='word_1_472' title='bbox 634 3431 780 3504; x_wconf 81' lang='lat' dir='ltr'>obedieus,</span> <span class='ocrx_word' id='word_1_473' title='bbox 794 3443 922 3509; x_wconf 86' lang='lat' dir='ltr'>etporram</span> <span class='ocrx_word' id='word_1_474' title='bbox 973 3435 1050 3491; x_wconf 90' lang='lat' dir='ltr'>diam</span> <span class='ocrx_word' id='word_1_475' title='bbox 1064 3451 1162 3491; x_wconf 90' lang='lat' dir='ltr'>meam</span> <span class='ocrx_word' id='word_1_476' title='bbox 1172 3435 1214 3490; x_wconf 89' lang='lat' dir='ltr'>eis</span> <span class='ocrx_word' id='word_1_477' title='bbox 1223 3436 1371 3492; x_wconf 80' lang='lat' dir='ltr'>conseram</span> <span class='ocrx_word' id='word_1_478' title='bbox 1383 3452 1480 3509; x_wconf 86' lang='lat' dir='ltr'>:aeque</span> <span class='ocrx_word' id='word_1_479' title='bbox 1489 3435 1584 3491; x_wconf 83' lang='lat' dir='ltr'>nocebo</span> <span class='ocrx_word' id='word_1_480' title='bbox 1592 3434 1669 3490; x_wconf 88' lang='lat' dir='ltr'>eisin</span> <span class='ocrx_word' id='word_1_481' title='bbox 1677 3433 1774 3488; x_wconf 88' lang='lat' dir='ltr'>futuro</span> 
     </span>
     <span class='ocr_line' id='line_1_37' title="bbox 115 3520 1774 3598; baseline 0 -24"><span class='ocrx_word' id='word_1_482' title='bbox 115 3520 145 3574; x_wconf 83' lang='lat' dir='ltr'>in</span> <span class='ocrx_word' id='word_1_483' title='bbox 158 3521 282 3575; x_wconf 79' lang='lat' dir='ltr'>sacatearr</span> <span class='ocrx_word' id='word_1_484' title='bbox 294 3523 386 3577; x_wconf 79' lang='lat' dir='ltr'>saculi</span> <span class='ocrx_word' id='word_1_485' title='bbox 398 3540 485 3579; x_wconf 85' lang='lat' dir='ltr'>semen</span> <span class='ocrx_word' id='word_1_486' title='bbox 494 3525 597 3593; x_wconf 81' lang='lat' dir='ltr'>ejas,id</span> <span class='ocrx_word' id='word_1_487' title='bbox 612 3529 654 3580; x_wconf 90' lang='lat' dir='ltr'>est</span> <span class='ocrx_word' id='word_1_488' title='bbox 663 3542 772 3598; x_wconf 89' lang='lat' dir='ltr'>ponam</span> <span class='ocrx_word' id='word_1_489' title='bbox 787 3542 922 3598; x_wconf 89' lang='lat' dir='ltr'>sequaces</span> <span class='ocrx_word' id='word_1_490' title='bbox 972 3526 1004 3579; x_wconf 86' lang='lat' dir='ltr'>ut</span> <span class='ocrx_word' id='word_1_491' title='bbox 1018 3538 1066 3578; x_wconf 88' lang='lat' dir='ltr'>eos</span> <span class='ocrx_word' id='word_1_492' title='bbox 1082 3524 1240 3578; x_wconf 85' lang='lat' dir='ltr'>damnem:</span> <span class='ocrx_word' id='word_1_493' title='bbox 1262 3527 1290 3578; x_wconf 92' lang='grc' dir='ltr'><strong>ει</strong></span> <span class='ocrx_word' id='word_1_494' title='bbox 1304 3525 1359 3579; x_wconf 92' lang='lat' dir='ltr'>hoc</span> <span class='ocrx_word' id='word_1_495' title='bbox 1371 3528 1414 3579; x_wconf 87' lang='lat' dir='ltr'>est</span> <span class='ocrx_word' id='word_1_496' title='bbox 1427 3528 1538 3579; x_wconf 88' lang='lat' dir='ltr'>certum</span> <span class='ocrx_word' id='word_1_497' title='bbox 1555 3527 1584 3578; x_wconf 89' lang='grc' dir='ltr'><strong>ει</strong></span> <span class='ocrx_word' id='word_1_498' title='bbox 1598 3523 1728 3590; x_wconf 84' lang='lat' dir='ltr'>firmum,</span> <span class='ocrx_word' id='word_1_499' title='bbox 1746 3521 1774 3574; x_wconf 86' lang='lat' dir='ltr'>in</span> 
     </span>
     <span class='ocr_line' id='line_1_38' title="bbox 116 3607 1773 3679; baseline 0 -16"><span class='ocrx_word' id='word_1_500' title='bbox 116 3607 178 3679; x_wconf 84' lang='lat' dir='ltr'>ojus</span> <span class='ocrx_word' id='word_1_501' title='bbox 190 3608 220 3664; x_wconf 92' lang='lat' dir='ltr'>in</span> <span class='ocrx_word' id='word_1_502' title='bbox 233 3612 385 3679; x_wconf 74' lang='lat' dir='ltr'>aternum,</span> <span class='ocrx_word' id='word_1_503' title='bbox 401 3612 509 3667; x_wconf 86' lang='lat' dir='ltr'>scilicet</span> <span class='ocrx_word' id='word_1_504' title='bbox 536 3612 642 3668; x_wconf 86' lang='lat' dir='ltr'>faciam</span> <span class='ocrx_word' id='word_1_505' title='bbox 657 3628 707 3669; x_wconf 90' lang='lat' dir='ltr'>cos</span> <span class='ocrx_word' id='word_1_506' title='bbox 721 3612 751 3667; x_wconf 92' lang='lat' dir='ltr'>in</span> <span class='ocrx_word' id='word_1_507' title='bbox 780 3617 922 3670; x_wconf 76' lang='lat' dir='ltr'>aternum</span> <span class='ocrx_word' id='word_1_508' title='bbox 971 3613 1082 3666; x_wconf 87' lang='lat' dir='ltr'>veritate</span> <span class='ocrx_word' id='word_1_509' title='bbox 1096 3628 1163 3678; x_wconf 88' lang='lat' dir='ltr'>mea,</span> <span class='ocrx_word' id='word_1_510' title='bbox 1179 3611 1249 3666; x_wconf 90' lang='lat' dir='ltr'>acsi</span> <span class='ocrx_word' id='word_1_511' title='bbox 1264 3611 1358 3667; x_wconf 91' lang='lat' dir='ltr'>dicat:</span> <span class='ocrx_word' id='word_1_512' title='bbox 1377 3612 1448 3667; x_wconf 84' lang='lat' dir='ltr'>Crim</span> <span class='ocrx_word' id='word_1_513' title='bbox 1461 3629 1544 3668; x_wconf 84' lang='lat' dir='ltr'>verus</span> <span class='ocrx_word' id='word_1_514' title='bbox 1558 3612 1613 3666; x_wconf 88' lang='lat' dir='ltr'>sim</span> <span class='ocrx_word' id='word_1_515' title='bbox 1628 3614 1660 3665; x_wconf 91' lang='lat' dir='ltr'>ut</span> <span class='ocrx_word' id='word_1_516' title='bbox 1673 3610 1773 3664; x_wconf 87' lang='lat' dir='ltr'>lallare</span> 
     </span>
     <span class='ocr_line' id='line_1_39' title="bbox 115 3694 1773 3775; baseline 0.001 -26"><span class='ocrx_word' id='word_1_517' title='bbox 115 3694 222 3765; x_wconf 84' lang='lat' dir='ltr'>rivere,</span> <span class='ocrx_word' id='word_1_518' title='bbox 236 3705 260 3752; x_wconf 87' lang='lat' dir='ltr'>et</span> <span class='ocrx_word' id='word_1_519' title='bbox 274 3714 384 3770; x_wconf 88' lang='lat' dir='ltr'>ponam</span> <span class='ocrx_word' id='word_1_520' title='bbox 397 3701 521 3756; x_wconf 79' lang='lat' dir='ltr'>thronum</span> <span class='ocrx_word' id='word_1_521' title='bbox 536 3700 603 3772; x_wconf 77' lang='lat' dir='ltr'>ejas,</span> <span class='ocrx_word' id='word_1_522' title='bbox 618 3700 650 3756; x_wconf 91' lang='lat' dir='ltr'>id</span> <span class='ocrx_word' id='word_1_523' title='bbox 675 3703 718 3755; x_wconf 84' lang='lat' dir='ltr'>est</span> <span class='ocrx_word' id='word_1_524' title='bbox 732 3701 808 3773; x_wconf 93' lang='lat' dir='ltr'>ipsos</span> <span class='ocrx_word' id='word_1_525' title='bbox 821 3718 923 3775; x_wconf 86' lang='lat' dir='ltr'>sequa·</span> <span class='ocrx_word' id='word_1_526' title='bbox 972 3715 1127 3770; x_wconf 86' lang='lat' dir='ltr'>nequeam,</span> <span class='ocrx_word' id='word_1_527' title='bbox 1144 3699 1205 3771; x_wconf 89' lang='lat' dir='ltr'>ipsa</span> <span class='ocrx_word' id='word_1_528' title='bbox 1221 3715 1287 3755; x_wconf 91' lang='lat' dir='ltr'>mea</span> <span class='ocrx_word' id='word_1_529' title='bbox 1301 3701 1405 3756; x_wconf 87' lang='lat' dir='ltr'>veritas</span> <span class='ocrx_word' id='word_1_530' title='bbox 1418 3701 1507 3756; x_wconf 91' lang='lat' dir='ltr'>habet</span> <span class='ocrx_word' id='word_1_531' title='bbox 1520 3703 1552 3755; x_wconf 93' lang='lat' dir='ltr'>ut</span> <span class='ocrx_word' id='word_1_532' title='bbox 1567 3699 1644 3774; x_wconf 92' lang='lat' dir='ltr'>quod</span> <span class='ocrx_word' id='word_1_533' title='bbox 1654 3695 1773 3771; x_wconf 88' lang='lat' dir='ltr'>promisi</span> 
     </span>
     <span class='ocr_line' id='line_1_40' title="bbox 117 3784 1771 3861; baseline 0.001 -22"><span class='ocrx_word' id='word_1_534' title='bbox 117 3800 164 3840; x_wconf 90' lang='lat' dir='ltr'>ces</span> <span class='ocrx_word' id='word_1_535' title='bbox 174 3784 223 3856; x_wconf 91' lang='lat' dir='ltr'>qui</span> <span class='ocrx_word' id='word_1_536' title='bbox 238 3790 323 3842; x_wconf 90' lang='lat' dir='ltr'>crunt</span> <span class='ocrx_word' id='word_1_537' title='bbox 332 3788 413 3843; x_wconf 90' lang='lat' dir='ltr'>sedes</span> <span class='ocrx_word' id='word_1_538' title='bbox 423 3789 493 3860; x_wconf 87' lang='lat' dir='ltr'>ejus,</span> <span class='ocrx_word' id='word_1_539' title='bbox 504 3788 609 3844; x_wconf 83' lang='lat' dir='ltr'>faciam</span> <span class='ocrx_word' id='word_1_540' title='bbox 624 3790 716 3845; x_wconf 91' lang='lat' dir='ltr'>claros</span> <span class='ocrx_word' id='word_1_541' title='bbox 730 3789 759 3845; x_wconf 91' lang='lat' dir='ltr'>in</span> <span class='ocrx_word' id='word_1_542' title='bbox 774 3790 924 3861; x_wconf 84' lang='lat' dir='ltr'>perfectio·</span> <span class='ocrx_word' id='word_1_543' title='bbox 972 3790 1156 3860; x_wconf 89' lang='lat' dir='ltr'>compleam:</span> <span class='ocrx_word' id='word_1_544' title='bbox 1174 3787 1330 3843; x_wconf 89' lang='lat' dir='ltr'>scilicetne</span> <span class='ocrx_word' id='word_1_545' title='bbox 1345 3787 1771 3860; x_wconf 70' lang='lat' dir='ltr'>muedccrdiamdirperaam,ne·</span> 
     </span>
     <span class='ocr_line' id='line_1_41' title="bbox 115 3873 1772 3950; baseline -0.001 -22"><span class='ocrx_word' id='word_1_546' title='bbox 115 3889 154 3928; x_wconf 90' lang='lat' dir='ltr'>ne</span> <span class='ocrx_word' id='word_1_547' title='bbox 169 3873 250 3931; x_wconf 93' lang='lat' dir='ltr'>illum</span> <span class='ocrx_word' id='word_1_548' title='bbox 263 3875 389 3931; x_wconf 89' lang='lat' dir='ltr'>nationis</span> <span class='ocrx_word' id='word_1_549' title='bbox 404 3877 564 3947; x_wconf 74' lang='lat' dir='ltr'>interioris,</span> <span class='ocrx_word' id='word_1_550' title='bbox 578 3880 647 3933; x_wconf 85' lang='lat' dir='ltr'>sicat</span> <span class='ocrx_word' id='word_1_551' title='bbox 660 3879 714 3933; x_wconf 84' lang='lat' dir='ltr'>dier</span> <span class='ocrx_word' id='word_1_552' title='bbox 738 3879 803 3947; x_wconf 86' lang='lat' dir='ltr'>cati,</span> <span class='ocrx_word' id='word_1_553' title='bbox 817 3879 924 3936; x_wconf 86' lang='lat' dir='ltr'>scilieet</span> <span class='ocrx_word' id='word_1_554' title='bbox 972 3893 1028 3948; x_wconf 89' lang='lat' dir='ltr'>que</span> <span class='ocrx_word' id='word_1_555' title='bbox 1053 3892 1187 3945; x_wconf 88' lang='lat' dir='ltr'>noceam,</span> <span class='ocrx_word' id='word_1_556' title='bbox 1202 3894 1285 3950; x_wconf 85' lang='lat' dir='ltr'>aeque</span> <span class='ocrx_word' id='word_1_557' title='bbox 1292 3878 1447 3948; x_wconf 73' lang='lat' dir='ltr'>profanabo</span> <span class='ocrx_word' id='word_1_558' title='bbox 1462 3882 1648 3932; x_wconf 79' lang='lat' dir='ltr'>testamentum</span> <span class='ocrx_word' id='word_1_559' title='bbox 1672 3888 1772 3939; x_wconf 82' lang='lat' dir='ltr'>meam,</span> 
     </span>
     <span class='ocr_line' id='line_1_42' title="bbox 114 3962 1775 4040; baseline 0.002 -24"><span class='ocrx_word' id='word_1_560' title='bbox 114 3962 268 4034; x_wconf 89' lang='lat' dir='ltr'>splendida</span> <span class='ocrx_word' id='word_1_561' title='bbox 290 3965 345 4020; x_wconf 89' lang='lat' dir='ltr'>erit</span> <span class='ocrx_word' id='word_1_562' title='bbox 369 3981 470 4021; x_wconf 88' lang='lat' dir='ltr'>eorum</span> <span class='ocrx_word' id='word_1_563' title='bbox 485 3966 609 4036; x_wconf 87' lang='lat' dir='ltr'>claritas,</span> <span class='ocrx_word' id='word_1_564' title='bbox 625 3966 697 4022; x_wconf 87' lang='lat' dir='ltr'>sieut</span> <span class='ocrx_word' id='word_1_565' title='bbox 711 3967 862 4040; x_wconf 88' lang='lat' dir='ltr'>splendida</span> <span class='ocrx_word' id='word_1_566' title='bbox 880 3972 923 4024; x_wconf 89' lang='lat' dir='ltr'>est</span> <span class='ocrx_word' id='word_1_567' title='bbox 973 3963 1775 4036; x_wconf 83' lang='lat' dir='ltr'>scilicetnonfaciemproianum,idestmendaxpactum</span> 
     </span>
     <span class='ocr_line' id='line_1_43' title="bbox 115 4048 1773 4127; baseline 0 -25"><span class='ocrx_word' id='word_1_568' title='bbox 115 4048 222 4104; x_wconf 90' lang='lat' dir='ltr'>claritis</span> <span class='ocrx_word' id='word_1_569' title='bbox 248 4051 406 4108; x_wconf 83' lang='lat' dir='ltr'>coelestium</span> <span class='ocrx_word' id='word_1_570' title='bbox 434 4054 597 4127; x_wconf 90' lang='lat' dir='ltr'>spirituum.</span> <span class='ocrx_word' id='word_1_571' title='bbox 615 4055 669 4120; x_wconf 88' lang='lat' dir='ltr'>Qui</span> <span class='ocrx_word' id='word_1_572' title='bbox 684 4059 781 4111; x_wconf 89' lang='lat' dir='ltr'>autem</span> <span class='ocrx_word' id='word_1_573' title='bbox 809 4060 922 4113; x_wconf 88' lang='lat' dir='ltr'>tantam</span> <span class='ocrx_word' id='word_1_574' title='bbox 971 4069 1082 4122; x_wconf 90' lang='lat' dir='ltr'>meum,</span> <span class='ocrx_word' id='word_1_575' title='bbox 1098 4054 1176 4125; x_wconf 93' lang='lat' dir='ltr'>quod</span> <span class='ocrx_word' id='word_1_576' title='bbox 1190 4053 1313 4109; x_wconf 85' lang='lat' dir='ltr'>firmabo</span> <span class='ocrx_word' id='word_1_577' title='bbox 1327 4070 1393 4109; x_wconf 91' lang='lat' dir='ltr'>cum</span> <span class='ocrx_word' id='word_1_578' title='bbox 1406 4055 1494 4111; x_wconf 81' lang='lat' dir='ltr'>[levid</span> <span class='ocrx_word' id='word_1_579' title='bbox 1509 4054 1641 4109; x_wconf 85' lang='lat' dir='ltr'>filiomoo</span> <span class='ocrx_word' id='word_1_580' title='bbox 1651 4048 1773 4123; x_wconf 90' lang='lat' dir='ltr'>promit-</span> 
     </span>
     <span class='ocr_line' id='line_1_44' title="bbox 113 4133 1775 4216; baseline 0.001 -25"><span class='ocrx_word' id='word_1_581' title='bbox 113 4137 339 4208; x_wconf 88' lang='lat' dir='ltr'>promissionem</span> <span class='ocrx_word' id='word_1_582' title='bbox 357 4142 558 4198; x_wconf 89' lang='lat' dir='ltr'>membrorum</span> <span class='ocrx_word' id='word_1_583' title='bbox 571 4144 689 4214; x_wconf 86' lang='lat' dir='ltr'>fecerat,</span> <span class='ocrx_word' id='word_1_584' title='bbox 704 4144 825 4201; x_wconf 89' lang='lat' dir='ltr'>dicendo</span> <span class='ocrx_word' id='word_1_585' title='bbox 835 4162 922 4201; x_wconf 84' lang='lat' dir='ltr'>remen</span> <span class='ocrx_word' id='word_1_586' title='bbox 971 4143 1060 4198; x_wconf 89' lang='lat' dir='ltr'>teudo</span> <span class='ocrx_word' id='word_1_587' title='bbox 1070 4143 1148 4215; x_wconf 92' lang='lat' dir='ltr'>quod</span> <span class='ocrx_word' id='word_1_588' title='bbox 1157 4133 1216 4199; x_wconf 81' lang='lat' dir='ltr'>noir</span> <span class='ocrx_word' id='word_1_589' title='bbox 1227 4144 1336 4200; x_wconf 91' lang='lat' dir='ltr'>nocebo</span> <span class='ocrx_word' id='word_1_590' title='bbox 1344 4143 1411 4199; x_wconf 87' lang='lat' dir='ltr'>liliis</span> <span class='ocrx_word' id='word_1_591' title='bbox 1425 4144 1486 4216; x_wconf 89' lang='lat' dir='ltr'>ejus</span> <span class='ocrx_word' id='word_1_592' title='bbox 1497 4161 1504 4213; x_wconf 89' lang='lat'>;</span> <span class='ocrx_word' id='word_1_593' title='bbox 1516 4140 1775 4215; x_wconf 83' lang='lat' dir='ltr'>etaonsaciamirri-</span> 
     </span>
     <span class='ocr_line' id='line_1_45' title="bbox 114 4225 1774 4305; baseline 0.003 -27"><span class='ocrx_word' id='word_1_594' title='bbox 114 4225 280 4297; x_wconf 83' lang='lat' dir='ltr'>ejasponam</span> <span class='ocrx_word' id='word_1_595' title='bbox 294 4230 461 4286; x_wconf 80' lang='lat' dir='ltr'>r’nrarutum</span> <span class='ocrx_word' id='word_1_596' title='bbox 482 4232 580 4301; x_wconf 79' lang='lat' dir='ltr'>saculi,</span> <span class='ocrx_word' id='word_1_597' title='bbox 608 4234 675 4302; x_wconf 80' lang='lat' dir='ltr'>etc,</span> <span class='ocrx_word' id='word_1_598' title='bbox 693 4250 730 4289; x_wconf 87' lang='lat' dir='ltr'>ne</span> <span class='ocrx_word' id='word_1_599' title='bbox 756 4234 922 4290; x_wconf 88' lang='lat' dir='ltr'>viderentur</span> <span class='ocrx_word' id='word_1_600' title='bbox 973 4236 1010 4299; x_wconf 84' lang='lat' dir='ltr'>ta,</span> <span class='ocrx_word' id='word_1_601' title='bbox 1025 4230 1111 4286; x_wconf 90' lang='lat' dir='ltr'>idest</span> <span class='ocrx_word' id='word_1_602' title='bbox 1136 4248 1210 4287; x_wconf 86' lang='lat' dir='ltr'>vana</span> <span class='ocrx_word' id='word_1_603' title='bbox 1233 4236 1262 4287; x_wconf 87' lang='lat' dir='ltr'>et</span> <span class='ocrx_word' id='word_1_604' title='bbox 1282 4234 1361 4288; x_wconf 92' lang='lat' dir='ltr'>nulla</span> <span class='ocrx_word' id='word_1_605' title='bbox 1376 4231 1500 4288; x_wconf 89' lang='lat' dir='ltr'>utilitate</span> <span class='ocrx_word' id='word_1_606' title='bbox 1515 4232 1646 4305; x_wconf 83' lang='lat' dir='ltr'>praedita,</span> <span class='ocrx_word' id='word_1_607' title='bbox 1663 4246 1697 4285; x_wconf 90' lang='lat' dir='ltr'>en</span> <span class='ocrx_word' id='word_1_608' title='bbox 1715 4241 1774 4302; x_wconf 79' lang='lat' dir='ltr'>qua·</span> 
     </span>
     <span class='ocr_line' id='line_1_46' title="bbox 114 4314 1773 4395; baseline -0.003 -18"><span class='ocrx_word' id='word_1_609' title='bbox 114 4314 168 4388; x_wconf 80' lang='lat' dir='ltr'>ipsi</span> <span class='ocrx_word' id='word_1_610' title='bbox 184 4334 318 4391; x_wconf 83' lang='lat' dir='ltr'>sequaces</span> <span class='ocrx_word' id='word_1_611' title='bbox 338 4337 398 4376; x_wconf 88' lang='lat' dir='ltr'>uon</span> <span class='ocrx_word' id='word_1_612' title='bbox 411 4321 532 4377; x_wconf 90' lang='lat' dir='ltr'>ulterius</span> <span class='ocrx_word' id='word_1_613' title='bbox 546 4323 700 4394; x_wconf 88' lang='lat' dir='ltr'>peccaturi,</span> <span class='ocrx_word' id='word_1_614' title='bbox 714 4323 757 4378; x_wconf 87' lang='lat' dir='ltr'>vel</span> <span class='ocrx_word' id='word_1_615' title='bbox 772 4323 796 4379; x_wconf 92' lang='lat' dir='ltr'>si</span> <span class='ocrx_word' id='word_1_616' title='bbox 818 4340 920 4395; x_wconf 89' lang='lat' dir='ltr'>pecca·</span> <span class='ocrx_word' id='word_1_617' title='bbox 932 4315 958 4375; x_wconf 90' lang='lat' dir='ltr'>D</span> <span class='ocrx_word' id='word_1_618' title='bbox 965 4319 1114 4390; x_wconf 81' lang='lat' dir='ltr'>procedunt</span> <span class='ocrx_word' id='word_1_619' title='bbox 1127 4320 1159 4375; x_wconf 92' lang='lat' dir='ltr'>de</span> <span class='ocrx_word' id='word_1_620' title='bbox 1173 4320 1249 4376; x_wconf 83' lang='lat' dir='ltr'>taliis</span> <span class='ocrx_word' id='word_1_621' title='bbox 1264 4324 1338 4389; x_wconf 74' lang='lat' dir='ltr'>mea,</span> <span class='ocrx_word' id='word_1_622' title='bbox 1352 4321 1382 4377; x_wconf 92' lang='lat' dir='ltr'>id</span> <span class='ocrx_word' id='word_1_623' title='bbox 1398 4324 1441 4377; x_wconf 88' lang='lat' dir='ltr'>est</span> <span class='ocrx_word' id='word_1_624' title='bbox 1452 4338 1487 4377; x_wconf 90' lang='lat' dir='ltr'>ea</span> <span class='ocrx_word' id='word_1_625' title='bbox 1501 4319 1642 4377; x_wconf 90' lang='lat' dir='ltr'>beneilcia</span> <span class='ocrx_word' id='word_1_626' title='bbox 1661 4317 1773 4392; x_wconf 80' lang='lat' dir='ltr'>quade</span> 
     </span>
     <span class='ocr_line' id='line_1_47' title="bbox 114 4407 1773 4483; baseline 0.001 -23"><span class='ocrx_word' id='word_1_627' title='bbox 114 4409 565 4480; x_wconf 88' lang='lat' dir='ltr'>rentuonrecuperaturi,innuit</span> <span class='ocrx_word' id='word_1_628' title='bbox 578 4427 627 4466; x_wconf 91' lang='lat' dir='ltr'>eos</span> <span class='ocrx_word' id='word_1_629' title='bbox 638 4415 815 4482; x_wconf 86' lang='lat' dir='ltr'>peccaturos,</span> <span class='ocrx_word' id='word_1_630' title='bbox 825 4414 919 4469; x_wconf 85' lang='lat' dir='ltr'>etesse</span> <span class='ocrx_word' id='word_1_631' title='bbox 970 4407 1036 4464; x_wconf 83' lang='lat' dir='ltr'>filiis</span> <span class='ocrx_word' id='word_1_632' title='bbox 1052 4409 1113 4481; x_wconf 84' lang='lat' dir='ltr'>ejus</span> <span class='ocrx_word' id='word_1_633' title='bbox 1128 4410 1289 4481; x_wconf 75' lang='lat' dir='ltr'>pradicant</span> <span class='ocrx_word' id='word_1_634' title='bbox 1302 4411 1451 4483; x_wconf 75' lang='lat' dir='ltr'>propheta</span> <span class='ocrx_word' id='word_1_635' title='bbox 1460 4410 1519 4466; x_wconf 90' lang='lat' dir='ltr'>mei</span> <span class='ocrx_word' id='word_1_636' title='bbox 1534 4408 1601 4465; x_wconf 90' lang='lat' dir='ltr'>dicti</span> <span class='ocrx_word' id='word_1_637' title='bbox 1614 4408 1690 4465; x_wconf 85' lang='lat' dir='ltr'>labia</span> <span class='ocrx_word' id='word_1_638' title='bbox 1697 4423 1773 4475; x_wconf 91' lang='lat' dir='ltr'>mea,</span> 
     </span>
     <span class='ocr_line' id='line_1_48' title="bbox 115 4494 1774 4571; baseline 0.001 -22"><span class='ocrx_word' id='word_1_639' title='bbox 115 4494 312 4567; x_wconf 86' lang='lat' dir='ltr'>corrigendos,</span> <span class='ocrx_word' id='word_1_640' title='bbox 329 4500 358 4552; x_wconf 91' lang='lat' dir='ltr'>et</span> <span class='ocrx_word' id='word_1_641' title='bbox 371 4499 421 4554; x_wconf 87' lang='lat' dir='ltr'>Dei</span> <span class='ocrx_word' id='word_1_642' title='bbox 438 4499 667 4555; x_wconf 87' lang='lat' dir='ltr'>misericordiam</span> <span class='ocrx_word' id='word_1_643' title='bbox 681 4516 740 4555; x_wconf 90' lang='lat' dir='ltr'>nou</span> <span class='ocrx_word' id='word_1_644' title='bbox 754 4501 919 4570; x_wconf 89' lang='lat' dir='ltr'>amissuros,</span> <span class='ocrx_word' id='word_1_645' title='bbox 971 4512 1005 4552; x_wconf 81' lang='lat' dir='ltr'>eo</span> <span class='ocrx_word' id='word_1_646' title='bbox 1018 4498 1096 4571; x_wconf 94' lang='lat' dir='ltr'>quod</span> <span class='ocrx_word' id='word_1_647' title='bbox 1111 4514 1163 4571; x_wconf 91' lang='lat' dir='ltr'>per</span> <span class='ocrx_word' id='word_1_648' title='bbox 1177 4514 1225 4553; x_wconf 88' lang='lat' dir='ltr'>eos</span> <span class='ocrx_word' id='word_1_649' title='bbox 1239 4497 1336 4553; x_wconf 89' lang='lat' dir='ltr'>lutura</span> <span class='ocrx_word' id='word_1_650' title='bbox 1350 4500 1532 4571; x_wconf 79' lang='lat' dir='ltr'>praloquar3</span> <span class='ocrx_word' id='word_1_651' title='bbox 1550 4514 1582 4553; x_wconf 92' lang='lat' dir='ltr'>ac</span> <span class='ocrx_word' id='word_1_652' title='bbox 1601 4497 1713 4553; x_wconf 86' lang='lat' dir='ltr'>sidicat</span> <span class='ocrx_word' id='word_1_653' title='bbox 1727 4494 1774 4552; x_wconf 90' lang='lat' dir='ltr'>:Si</span> 
     </span>
     <span class='ocr_line' id='line_1_49' title="bbox 115 4580 1774 4661; baseline 0.003 -25"><span class='ocrx_word' id='word_1_654' title='bbox 115 4580 155 4637; x_wconf 84' lang='lat' dir='ltr'>sic</span> <span class='ocrx_word' id='word_1_655' title='bbox 169 4599 176 4637; x_wconf 94' lang='lat'><strong>:</strong></span> <span class='ocrx_word' id='word_1_656' title='bbox 193 4583 260 4639; x_wconf 85' lang='lat' dir='ltr'>Dico</span> <span class='ocrx_word' id='word_1_657' title='bbox 274 4585 352 4656; x_wconf 91' lang='lat' dir='ltr'>quod</span> <span class='ocrx_word' id='word_1_658' title='bbox 361 4601 462 4657; x_wconf 82' lang='lat' dir='ltr'>porram</span> <span class='ocrx_word' id='word_1_659' title='bbox 474 4603 561 4643; x_wconf 82' lang='lat' dir='ltr'>semen</span> <span class='ocrx_word' id='word_1_660' title='bbox 572 4588 629 4659; x_wconf 86' lang='lat' dir='ltr'>ejas</span> <span class='ocrx_word' id='word_1_661' title='bbox 642 4589 669 4642; x_wconf 80' lang='lat' dir='ltr'>iri</span> <span class='ocrx_word' id='word_1_662' title='bbox 680 4587 805 4644; x_wconf 80' lang='lat' dir='ltr'>saraiam</span> <span class='ocrx_word' id='word_1_663' title='bbox 819 4591 919 4658; x_wconf 77' lang='lat' dir='ltr'>saculi,</span> <span class='ocrx_word' id='word_1_664' title='bbox 971 4587 1179 4643; x_wconf 85' lang='lat' dir='ltr'>mirericordiam</span> <span class='ocrx_word' id='word_1_665' title='bbox 1190 4603 1275 4641; x_wconf 87' lang='lat' dir='ltr'>meam</span> <span class='ocrx_word' id='word_1_666' title='bbox 1290 4586 1324 4640; x_wconf 84' lang='lat' dir='ltr'>at</span> <span class='ocrx_word' id='word_1_667' title='bbox 1335 4590 1371 4642; x_wconf 80' lang='lat' dir='ltr'>eie</span> <span class='ocrx_word' id='word_1_668' title='bbox 1384 4588 1592 4661; x_wconf 89' lang='lat' dir='ltr'>dispergerem,</span> <span class='ocrx_word' id='word_1_669' title='bbox 1607 4587 1721 4643; x_wconf 75' lang='lat' dir='ltr'>mercatae</span> <span class='ocrx_word' id='word_1_670' title='bbox 1733 4602 1774 4642; x_wconf 90' lang='lat' dir='ltr'>es-</span> 
     </span>
     <span class='ocr_line' id='line_1_50' title="bbox 114 4670 1772 4751; baseline 0.004 -26"><span class='ocrx_word' id='word_1_671' title='bbox 114 4672 170 4726; x_wconf 88' lang='lat' dir='ltr'>etc.</span> <span class='ocrx_word' id='word_1_672' title='bbox 185 4670 220 4726; x_wconf 87' lang='lat' dir='ltr'>Si</span> <span class='ocrx_word' id='word_1_673' title='bbox 233 4679 321 4728; x_wconf 77' lang='lat' dir='ltr'>aaran</span> <span class='ocrx_word' id='word_1_674' title='bbox 334 4672 363 4728; x_wconf 95' lang='lat' dir='ltr'>id</span> <span class='ocrx_word' id='word_1_675' title='bbox 378 4675 511 4730; x_wconf 90' lang='lat' dir='ltr'>estsedsi</span> <span class='ocrx_word' id='word_1_676' title='bbox 526 4675 580 4744; x_wconf 83' lang='lat' dir='ltr'>filii</span> <span class='ocrx_word' id='word_1_677' title='bbox 594 4676 661 4747; x_wconf 80' lang='lat' dir='ltr'>ejas,</span> <span class='ocrx_word' id='word_1_678' title='bbox 677 4675 708 4731; x_wconf 93' lang='lat' dir='ltr'>id</span> <span class='ocrx_word' id='word_1_679' title='bbox 727 4681 770 4733; x_wconf 92' lang='lat' dir='ltr'>est</span> <span class='ocrx_word' id='word_1_680' title='bbox 785 4694 920 4751; x_wconf 89' lang='lat' dir='ltr'>sequaces</span> <span class='ocrx_word' id='word_1_681' title='bbox 970 4681 1014 4734; x_wconf 87' lang='lat' dir='ltr'>eet</span> <span class='ocrx_word' id='word_1_682' title='bbox 1042 4680 1158 4749; x_wconf 89' lang='lat' dir='ltr'>pactum</span> <span class='ocrx_word' id='word_1_683' title='bbox 1179 4691 1289 4744; x_wconf 88' lang='lat' dir='ltr'>meum,</span> <span class='ocrx_word' id='word_1_684' title='bbox 1313 4677 1391 4749; x_wconf 91' lang='lat' dir='ltr'>quod</span> <span class='ocrx_word' id='word_1_685' title='bbox 1415 4693 1482 4732; x_wconf 92' lang='lat' dir='ltr'>cum</span> <span class='ocrx_word' id='word_1_686' title='bbox 1498 4677 1585 4734; x_wconf 86' lang='lat' dir='ltr'>David</span> <span class='ocrx_word' id='word_1_687' title='bbox 1599 4676 1714 4744; x_wconf 89' lang='lat' dir='ltr'>laciam,</span> <span class='ocrx_word' id='word_1_688' title='bbox 1730 4677 1772 4732; x_wconf 89' lang='lat' dir='ltr'>lc-</span> 
     </span>
     <span class='ocr_line' id='line_1_51' title="bbox 114 4758 1797 4839; baseline 0.002 -26"><span class='ocrx_word' id='word_1_689' title='bbox 114 4758 307 4832; x_wconf 82' lang='lat' dir='ltr'>ejus,praelati</span> <span class='ocrx_word' id='word_1_690' title='bbox 333 4761 450 4826; x_wconf 87' lang='lat' dir='ltr'>scilicet,</span> <span class='ocrx_word' id='word_1_691' title='bbox 476 4762 662 4837; x_wconf 83' lang='lat' dir='ltr'>dereliquerint</span> <span class='ocrx_word' id='word_1_692' title='bbox 674 4766 757 4835; x_wconf 74' lang='lat' dir='ltr'>legem</span> <span class='ocrx_word' id='word_1_693' title='bbox 777 4783 873 4834; x_wconf 86' lang='lat' dir='ltr'>meam,</span> <span class='ocrx_word' id='word_1_694' title='bbox 890 4764 920 4822; x_wconf 91' lang='lat' dir='ltr'>id</span> <span class='ocrx_word' id='word_1_695' title='bbox 971 4768 1086 4838; x_wconf 92' lang='lat' dir='ltr'>queudo</span> <span class='ocrx_word' id='word_1_696' title='bbox 1097 4766 1150 4838; x_wconf 90' lang='lat' dir='ltr'>ipsi</span> <span class='ocrx_word' id='word_1_697' title='bbox 1165 4765 1294 4833; x_wconf 89' lang='lat' dir='ltr'>interius,</span> <span class='ocrx_word' id='word_1_698' title='bbox 1309 4766 1388 4838; x_wconf 94' lang='lat' dir='ltr'>quod</span> <span class='ocrx_word' id='word_1_699' title='bbox 1392 4768 1541 4838; x_wconf 72' lang='lat' dir='ltr'>profanum</span> <span class='ocrx_word' id='word_1_700' title='bbox 1556 4766 1675 4839; x_wconf 89' lang='lat' dir='ltr'>quidem</span> <span class='ocrx_word' id='word_1_701' title='bbox 1689 4759 1797 4820; x_wconf 66' lang='lat' dir='ltr'>estet&#39;</span> 
     </span>
     <span class='ocr_line' id='line_1_52' title="bbox 114 4847 1772 4929; baseline 0.004 -28"><span class='ocrx_word' id='word_1_702' title='bbox 114 4849 157 4902; x_wconf 88' lang='lat' dir='ltr'>est</span> <span class='ocrx_word' id='word_1_703' title='bbox 169 4847 350 4919; x_wconf 87' lang='lat' dir='ltr'>disciplinam</span> <span class='ocrx_word' id='word_1_704' title='bbox 361 4866 425 4922; x_wconf 85' lang='lat' dir='ltr'>quae</span> <span class='ocrx_word' id='word_1_705' title='bbox 435 4851 465 4906; x_wconf 90' lang='lat' dir='ltr'>iu</span> <span class='ocrx_word' id='word_1_706' title='bbox 476 4852 540 4925; x_wconf 89' lang='lat' dir='ltr'>lege</span> <span class='ocrx_word' id='word_1_707' title='bbox 554 4871 621 4910; x_wconf 89' lang='lat' dir='ltr'>mea</span> <span class='ocrx_word' id='word_1_708' title='bbox 630 4853 805 4927; x_wconf 84' lang='lat' dir='ltr'>praecipitur,</span> <span class='ocrx_word' id='word_1_709' title='bbox 813 4855 920 4911; x_wconf 88' lang='lat' dir='ltr'>scilicet</span> <span class='ocrx_word' id='word_1_710' title='bbox 970 4855 1147 4929; x_wconf 87' lang='lat' dir='ltr'>impossibile</span> <span class='ocrx_word' id='word_1_711' title='bbox 1161 4858 1193 4911; x_wconf 90' lang='lat' dir='ltr'>ut</span> <span class='ocrx_word' id='word_1_712' title='bbox 1205 4857 1341 4923; x_wconf 89' lang='lat' dir='ltr'>mentiar,</span> <span class='ocrx_word' id='word_1_713' title='bbox 1354 4872 1420 4911; x_wconf 91' lang='lat' dir='ltr'>cum</span> <span class='ocrx_word' id='word_1_714' title='bbox 1433 4856 1486 4910; x_wconf 89' lang='lat' dir='ltr'>sim</span> <span class='ocrx_word' id='word_1_715' title='bbox 1502 4858 1587 4921; x_wconf 85' lang='lat' dir='ltr'>Deus,</span> <span class='ocrx_word' id='word_1_716' title='bbox 1614 4855 1644 4908; x_wconf 90' lang='lat' dir='ltr'>et</span> <span class='ocrx_word' id='word_1_717' title='bbox 1662 4869 1696 4907; x_wconf 92' lang='lat' dir='ltr'>ea</span> <span class='ocrx_word' id='word_1_718' title='bbox 1708 4868 1772 4924; x_wconf 81' lang='lat' dir='ltr'>qum</span> 
     </span>
     <span class='ocr_line' id='line_1_53' title="bbox 113 4933 1773 5020; baseline 0.004 -30"><span class='ocrx_word' id='word_1_719' title='bbox 113 4933 137 4990; x_wconf 84' lang='lat' dir='ltr'>si</span> <span class='ocrx_word' id='word_1_720' title='bbox 147 4951 207 4991; x_wconf 90' lang='lat' dir='ltr'>non</span> <span class='ocrx_word' id='word_1_721' title='bbox 221 4938 376 4994; x_wconf 87' lang='lat' dir='ltr'>correxerit</span> <span class='ocrx_word' id='word_1_722' title='bbox 390 4940 685 4998; x_wconf 86' lang='lat' dir='ltr'>subditossecundum</span> <span class='ocrx_word' id='word_1_723' title='bbox 700 4943 880 5017; x_wconf 85' lang='lat' dir='ltr'>disciplinam</span> <span class='ocrx_word' id='word_1_724' title='bbox 888 4944 918 5000; x_wconf 92' lang='lat' dir='ltr'>iu</span> <span class='ocrx_word' id='word_1_725' title='bbox 970 4945 1119 5020; x_wconf 74' lang='lat' dir='ltr'>prophelae</span> <span class='ocrx_word' id='word_1_726' title='bbox 1126 4940 1686 5000; x_wconf 80' lang='lat' dir='ltr'>annuntiantdesalutcaeternassliorum</span> <span class='ocrx_word' id='word_1_727' title='bbox 1692 4939 1773 4996; x_wconf 89' lang='lat' dir='ltr'>irrita</span> 
     </span>
     <span class='ocr_line' id='line_1_54' title="bbox 113 5022 1771 5103; baseline 0.005 -26"><span class='ocrx_word' id='word_1_728' title='bbox 113 5022 179 5094; x_wconf 88' lang='lat' dir='ltr'>loge</span> <span class='ocrx_word' id='word_1_729' title='bbox 194 5040 260 5081; x_wconf 90' lang='lat' dir='ltr'>mea</span> <span class='ocrx_word' id='word_1_730' title='bbox 274 5027 472 5097; x_wconf 89' lang='lat' dir='ltr'>constitutam,</span> <span class='ocrx_word' id='word_1_731' title='bbox 490 5030 596 5085; x_wconf 87' lang='lat' dir='ltr'>sedvel</span> <span class='ocrx_word' id='word_1_732' title='bbox 615 5031 703 5087; x_wconf 89' lang='lat' dir='ltr'>nimis</span> <span class='ocrx_word' id='word_1_733' title='bbox 713 5031 825 5087; x_wconf 89' lang='lat' dir='ltr'>intense</span> <span class='ocrx_word' id='word_1_734' title='bbox 835 5033 872 5088; x_wconf 89' lang='lat' dir='ltr'>ad</span> <span class='ocrx_word' id='word_1_735' title='bbox 884 5032 919 5087; x_wconf 91' lang='lat' dir='ltr'>li·</span> <span class='ocrx_word' id='word_1_736' title='bbox 970 5035 1074 5101; x_wconf 89' lang='lat' dir='ltr'>esseut,</span> <span class='ocrx_word' id='word_1_737' title='bbox 1091 5036 1120 5088; x_wconf 89' lang='grc' dir='ltr'><strong>ει</strong></span> <span class='ocrx_word' id='word_1_738' title='bbox 1137 5033 1199 5089; x_wconf 88' lang='lat' dir='ltr'>sine</span> <span class='ocrx_word' id='word_1_739' title='bbox 1212 5034 1334 5089; x_wconf 90' lang='lat' dir='ltr'>utilitate</span> <span class='ocrx_word' id='word_1_740' title='bbox 1350 5032 1426 5087; x_wconf 90' lang='lat' dir='ltr'>dicta</span> <span class='ocrx_word' id='word_1_741' title='bbox 1441 5048 1448 5098; x_wconf 84' lang='lat'>3</span> <span class='ocrx_word' id='word_1_742' title='bbox 1464 5030 1542 5103; x_wconf 92' lang='lat' dir='ltr'>quod</span> <span class='ocrx_word' id='word_1_743' title='bbox 1561 5031 1715 5099; x_wconf 88' lang='lat' dir='ltr'>utrumque</span> <span class='ocrx_word' id='word_1_744' title='bbox 1735 5044 1771 5085; x_wconf 88' lang='lat' dir='ltr'>ne</span> 
     </span>
     <span class='ocr_line' id='line_1_55' title="bbox 112 5111 1770 5195; baseline 0.004 -27"><span class='ocrx_word' id='word_1_745' title='bbox 112 5111 207 5168; x_wconf 90' lang='lat' dir='ltr'>bitum</span> <span class='ocrx_word' id='word_1_746' title='bbox 221 5131 305 5170; x_wconf 90' lang='lat' dir='ltr'>suum</span> <span class='ocrx_word' id='word_1_747' title='bbox 321 5117 456 5189; x_wconf 86' lang='lat' dir='ltr'>corriget,</span> <span class='ocrx_word' id='word_1_748' title='bbox 471 5119 763 5175; x_wconf 88' lang='lat' dir='ltr'>modumercedeudo</span> <span class='ocrx_word' id='word_1_749' title='bbox 772 5121 918 5192; x_wconf 87' lang='lat' dir='ltr'>perirem,</span> <span class='ocrx_word' id='word_1_750' title='bbox 970 5126 1117 5195; x_wconf 89' lang='lat' dir='ltr'>sequatur,</span> <span class='ocrx_word' id='word_1_751' title='bbox 1139 5139 1199 5178; x_wconf 92' lang='lat' dir='ltr'>non</span> <span class='ocrx_word' id='word_1_752' title='bbox 1225 5123 1373 5193; x_wconf 73' lang='lat' dir='ltr'>dispergam</span> <span class='ocrx_word' id='word_1_753' title='bbox 1399 5119 1605 5173; x_wconf 84' lang='lat' dir='ltr'>misericordiam</span> <span class='ocrx_word' id='word_1_754' title='bbox 1627 5135 1770 5191; x_wconf 80' lang='lat' dir='ltr'>aequara-</span> 
     </span>
     <span class='ocr_line' id='line_1_56' title="bbox 111 5200 1772 5281; baseline 0.005 -26"><span class='ocrx_word' id='word_1_755' title='bbox 111 5200 157 5255; x_wconf 78' lang='lat' dir='ltr'>rel</span> <span class='ocrx_word' id='word_1_756' title='bbox 172 5201 386 5260; x_wconf 87' lang='lat' dir='ltr'>nimisrcmisse</span> <span class='ocrx_word' id='word_1_757' title='bbox 401 5221 504 5276; x_wconf 91' lang='lat' dir='ltr'>parum</span> <span class='ocrx_word' id='word_1_758' title='bbox 523 5207 655 5263; x_wconf 87' lang='lat' dir='ltr'>iacienda</span> <span class='ocrx_word' id='word_1_759' title='bbox 666 5210 787 5280; x_wconf 90' lang='lat' dir='ltr'>propter</span> <span class='ocrx_word' id='word_1_760' title='bbox 800 5209 920 5281; x_wconf 88' lang='lat' dir='ltr'>alicujus</span> <span class='ocrx_word' id='word_1_761' title='bbox 969 5211 1040 5280; x_wconf 85' lang='lat' dir='ltr'>ceto,</span> <span class='ocrx_word' id='word_1_762' title='bbox 1056 5215 1085 5267; x_wconf 89' lang='lat' dir='ltr'>et</span> <span class='ocrx_word' id='word_1_763' title='bbox 1097 5226 1163 5265; x_wconf 86' lang='lat' dir='ltr'>vere</span> <span class='ocrx_word' id='word_1_764' title='bbox 1178 5226 1237 5265; x_wconf 90' lang='lat' dir='ltr'>nou</span> <span class='ocrx_word' id='word_1_765' title='bbox 1255 5209 1438 5279; x_wconf 88' lang='lat' dir='ltr'>dispergam:</span> <span class='ocrx_word' id='word_1_766' title='bbox 1454 5222 1524 5261; x_wconf 90' lang='lat' dir='ltr'>nam</span> <span class='ocrx_word' id='word_1_767' title='bbox 1538 5205 1617 5260; x_wconf 83' lang='lat' dir='ltr'>remei</span> <span class='ocrx_word' id='word_1_768' title='bbox 1624 5206 1728 5277; x_wconf 84' lang='lat' dir='ltr'>juravi,</span> <span class='ocrx_word' id='word_1_769' title='bbox 1741 5206 1772 5264; x_wconf 92' lang='lat' dir='ltr'>id</span> 
     </span>
     <span class='ocr_line' id='line_1_57' title="bbox 113 5289 1772 5366; baseline 0.005 -23"><span class='ocrx_word' id='word_1_770' title='bbox 113 5289 300 5360; x_wconf 78' lang='lat' dir='ltr'>gratiaszt</span> <span class='ocrx_word' id='word_1_771' title='bbox 321 5291 344 5345; x_wconf 90' lang='lat' dir='ltr'>si</span> <span class='ocrx_word' id='word_1_772' title='bbox 368 5291 418 5346; x_wconf 87' lang='lat' dir='ltr'>filii</span> <span class='ocrx_word' id='word_1_773' title='bbox 444 5293 504 5364; x_wconf 89' lang='lat' dir='ltr'>ejus</span> <span class='ocrx_word' id='word_1_774' title='bbox 526 5293 704 5366; x_wconf 79' lang='lat' dir='ltr'>praelatinaa</span> <span class='ocrx_word' id='word_1_775' title='bbox 727 5297 921 5353; x_wconf 81' lang='lat' dir='ltr'>amtatroeriat</span> <span class='ocrx_word' id='word_1_776' title='bbox 970 5293 1772 5366; x_wconf 74' lang='lat' dir='ltr'>estimmutabilileretfirmiterdisposuiasimililudine</span> 
     </span>
     <span class='ocr_line' id='line_1_58' title="bbox 112 5376 1770 5459; baseline 0.007 -29"><span class='ocrx_word' id='word_1_777' title='bbox 112 5377 141 5430; x_wconf 80' lang='lat' dir='ltr'>ire</span> <span class='ocrx_word' id='word_1_778' title='bbox 150 5376 262 5446; x_wconf 79' lang='lat' dir='ltr'>judiciis</span> <span class='ocrx_word' id='word_1_779' title='bbox 276 5381 350 5447; x_wconf 82' lang='lat' dir='ltr'>mer&#39;e,</span> <span class='ocrx_word' id='word_1_780' title='bbox 365 5379 397 5435; x_wconf 91' lang='lat' dir='ltr'>id</span> <span class='ocrx_word' id='word_1_781' title='bbox 409 5382 452 5435; x_wconf 89' lang='lat' dir='ltr'>est</span> <span class='ocrx_word' id='word_1_782' title='bbox 462 5397 522 5436; x_wconf 92' lang='lat' dir='ltr'>uon</span> <span class='ocrx_word' id='word_1_783' title='bbox 546 5384 793 5453; x_wconf 76' lang='lat' dir='ltr'>perseveraverint</span> <span class='ocrx_word' id='word_1_784' title='bbox 805 5381 835 5438; x_wconf 84' lang='lat' dir='ltr'>&#39;ia</span> <span class='ocrx_word' id='word_1_785' title='bbox 840 5384 919 5456; x_wconf 86' lang='lat' dir='ltr'>judi·</span> <span class='ocrx_word' id='word_1_786' title='bbox 969 5387 1086 5444; x_wconf 90' lang='lat' dir='ltr'>illorum</span> <span class='ocrx_word' id='word_1_787' title='bbox 1110 5386 1159 5459; x_wconf 92' lang='lat' dir='ltr'>qui</span> <span class='ocrx_word' id='word_1_788' title='bbox 1178 5383 1286 5458; x_wconf 86' lang='lat' dir='ltr'>aliquid</span> <span class='ocrx_word' id='word_1_789' title='bbox 1315 5382 1439 5439; x_wconf 85' lang='lat' dir='ltr'>firmiter</span> <span class='ocrx_word' id='word_1_790' title='bbox 1459 5386 1488 5438; x_wconf 90' lang='lat' dir='ltr'>et</span> <span class='ocrx_word' id='word_1_791' title='bbox 1502 5399 1568 5438; x_wconf 91' lang='lat' dir='ltr'>cum</span> <span class='ocrx_word' id='word_1_792' title='bbox 1580 5382 1770 5455; x_wconf 85' lang='lat' dir='ltr'>jurejurando</span> 
     </span>
     <span class='ocr_line' id='line_1_59' title="bbox 112 5465 1773 5549; baseline 0.006 -30"><span class='ocrx_word' id='word_1_793' title='bbox 112 5465 185 5520; x_wconf 81' lang='lat' dir='ltr'>eiira</span> <span class='ocrx_word' id='word_1_794' title='bbox 199 5481 247 5521; x_wconf 90' lang='lat' dir='ltr'>me</span> <span class='ocrx_word' id='word_1_795' title='bbox 260 5467 429 5536; x_wconf 87' lang='lat' dir='ltr'>constitutis,</span> <span class='ocrx_word' id='word_1_796' title='bbox 441 5469 547 5530; x_wconf 86' lang='lat' dir='ltr'>scilicet</span> <span class='ocrx_word' id='word_1_797' title='bbox 561 5469 594 5536; x_wconf 89' lang='lat' dir='ltr'>si,</span> <span class='ocrx_word' id='word_1_798' title='bbox 610 5486 663 5542; x_wconf 92' lang='lat' dir='ltr'>pro</span> <span class='ocrx_word' id='word_1_799' title='bbox 678 5487 779 5527; x_wconf 89' lang='lat' dir='ltr'>amore</span> <span class='ocrx_word' id='word_1_800' title='bbox 800 5472 920 5546; x_wconf 77' lang='lat' dir='ltr'>aliquus</span> <span class='ocrx_word' id='word_1_801' title='bbox 969 5477 1139 5549; x_wconf 86' lang='lat' dir='ltr'>disponunt,</span> <span class='ocrx_word' id='word_1_802' title='bbox 1153 5478 1182 5530; x_wconf 92' lang='grc' dir='ltr'><strong>ει</strong></span> <span class='ocrx_word' id='word_1_803' title='bbox 1190 5474 1245 5529; x_wconf 90' lang='lat' dir='ltr'>hoc</span> <span class='ocrx_word' id='word_1_804' title='bbox 1259 5471 1346 5540; x_wconf 81' lang='lat' dir='ltr'>earet,</span> <span class='ocrx_word' id='word_1_805' title='bbox 1362 5471 1391 5527; x_wconf 95' lang='lat' dir='ltr'>id</span> <span class='ocrx_word' id='word_1_806' title='bbox 1407 5474 1450 5527; x_wconf 88' lang='lat' dir='ltr'>est</span> <span class='ocrx_word' id='word_1_807' title='bbox 1463 5470 1502 5527; x_wconf 88' lang='lat' dir='ltr'>sic</span> <span class='ocrx_word' id='word_1_808' title='bbox 1525 5470 1729 5528; x_wconf 81' lang='lat' dir='ltr'>inviolabiliter</span> <span class='ocrx_word' id='word_1_809' title='bbox 1740 5475 1773 5544; x_wconf 87' lang='lat' dir='ltr'>ut</span> 
     </span>
     <span class='ocr_line' id='line_1_60' title="bbox 112 5553 1770 5639; baseline 0.005 -27"><span class='ocrx_word' id='word_1_810' title='bbox 112 5553 163 5612; x_wconf 82' lang='lat' dir='ltr'>aut</span> <span class='ocrx_word' id='word_1_811' title='bbox 170 5553 238 5612; x_wconf 89' lang='lat' dir='ltr'>odio</span> <span class='ocrx_word' id='word_1_812' title='bbox 250 5554 322 5614; x_wconf 81' lang='lat' dir='ltr'>falso</span> <span class='ocrx_word' id='word_1_813' title='bbox 330 5555 503 5632; x_wconf 77' lang='lat' dir='ltr'>judicantes,</span> <span class='ocrx_word' id='word_1_814' title='bbox 518 5576 580 5619; x_wconf 90' lang='lat' dir='ltr'>nan</span> <span class='ocrx_word' id='word_1_815' title='bbox 592 5559 747 5619; x_wconf 86' lang='lat' dir='ltr'>habuerint</span> <span class='ocrx_word' id='word_1_816' title='bbox 756 5561 919 5636; x_wconf 77' lang='lat' dir='ltr'>rectajudi·</span> <span class='ocrx_word' id='word_1_817' title='bbox 969 5581 1030 5623; x_wconf 88' lang='lat' dir='ltr'>nou</span> <span class='ocrx_word' id='word_1_818' title='bbox 1051 5563 1089 5621; x_wconf 84' lang='lat' dir='ltr'>sit</span> <span class='ocrx_word' id='word_1_819' title='bbox 1110 5580 1182 5639; x_wconf 88' lang='lat' dir='ltr'>opus</span> <span class='ocrx_word' id='word_1_820' title='bbox 1199 5562 1332 5638; x_wconf 80' lang='lat' dir='ltr'>repetere</span> <span class='ocrx_word' id='word_1_821' title='bbox 1346 5561 1442 5637; x_wconf 88' lang='lat' dir='ltr'>ipsam</span> <span class='ocrx_word' id='word_1_822' title='bbox 1460 5558 1676 5635; x_wconf 88' lang='lat' dir='ltr'>jusjurandum.</span> <span class='ocrx_word' id='word_1_823' title='bbox 1702 5562 1770 5622; x_wconf 80' lang='lat' dir='ltr'>uico</span> 
     </span>
    </p>
   </div>
   <div class='ocr_carea' id='block_1_3' title="bbox 0 0 1894 5976">
    <p class='ocr_par' dir='ltr' id='par_1_3' title="bbox 0 0 1894 5976">
     <span class='ocr_line' id='line_1_61' title="bbox 0 0 1894 5976; baseline 0 0"><span class='ocrx_word' id='word_1_824' title='bbox 0 0 1894 5976; x_wconf 95' lang='lat' dir='ltr'> </span> 
     </span>
    </p>
   </div>
  </div>
 </body>
</html>
