3772 5976
105 295 156 352 aaa
406 294 434 352 ε.
451 289 622 354 ancnoris
642 290 962 352 cnaruusuncaun
980 288 1214 348 rusruuroms
1231 276 1308 347 ore.
1325 287 1414 346 raas
1430 291 1451 345 1.
1703 282 1760 345 eso

104 427 157 484 pro
173 412 312 468 librorum
329 415 513 472 multitudine
527 416 630 471 veteris
644 420 672 471 et
683 432 763 471 nove
774 413 855 484 legis,
864 413 902 467 sic
917 412 1028 476 Aheno
1041 411 1240 483 placebitDeo,
1251 413 1280 465 et
1290 409 1377 463 etiam
1389 409 1462 463 hene
1473 407 1596 479 placebit
1604 410 1663 464 Deo
1675 404 1758 463 Patri

105 501 291 556 continuatur
305 521 311 558 ι
326 504 391 558 Dico
406 505 594 576 eritispeane‚
608 509 637 559 et
649 507 703 559 boc
714 504 825 566 tandiu,
840 503 904 557 elam
953 501 1084 555 habitare
1095 501 1125 554 iu
1136 516 1169 554 eo
1182 504 1280 553 monte
1291 497 1402 569 pingui,
1412 502 1441 552 et
1454 514 1518 552 vere
1529 497 1692 568 placebitei
1703 497 1755 550 ha·

30 599 33 604 ·
106 606 155 644 rex
171 591 293 645 coelestis
309 592 437 646 dz'ceerrn'l
458 610 529 662 reges
551 612 628 664 snper
649 612 718 658 enin,
733 593 762 647 id
788 595 831 646 est
854 608 906 663 per
954 590 1045 644 bitere
1059 590 1087 644 in
1105 605 1138 643 eo
1155 591 1265 654 monte,
1277 587 1384 642 scilicet
1406 588 1436 641 in
1452 587 1601 642 Dominico
1620 586 1756 641 homine.

105 681 198 732 totam
215 680 287 733 barre
299 680 385 735 vitam
397 683 474 737 eritis
477 701 583 753 pennae,
593 683 788 755 unusquisque
799 681 906 736 scilicet
955 678 1062 733 Etenim
1076 678 1241 731 bobilolilin
1254 677 1324 731 eoin
1332 676 1611 744 finenihahitationis,
1623 675 1652 729 id
1666 678 1710 729 est
1725 674 1755 728 in

105 765 135 819 in
148 783 198 820 suo
213 770 288 821 statu
304 768 339 822 de
354 772 542 838 generatione
560 772 588 825 in
604 771 834 843 generationem.
852 769 905 833 Qui
955 768 1083 838 perfecta
1093 766 1283 831 habitatione,
1293 764 1666 834 scilicetuteipersonaliter
1676 762 1758 817 unia·

106 871 189 926 reges
201 854 394 910 dealbabuntur
408 861 476 925 nice,
491 859 520 913 id
535 863 577 913 εει
591 861 715 930 paritate
731 862 760 914 et
781 858 906 912 candore
954 859 1013 924 tur,
1030 855 1110 909 etsie
1127 855 1155 908 iu
1172 870 1205 907 eo
1219 853 1330 906 liabitet
1341 852 1371 905 in
1383 856 1565 923 perpetuum.
1582 853 1640 906 Hoc
1656 853 1755 905 autem

108 943 185 1009 fidei,
197 961 260 1015 quse
277 945 433 1016 perniveo
446 947 520 1001 bene
536 949 700 1013 denotatur,
719 962 753 1001 eo
769 946 846 1017 quod
861 961 907 999 res
957 943 1034 1015 quod
1045 942 1124 1008 dicit,
1138 943 1234 995 elenim
1244 941 1376 994 habitabit
1392 943 1419 994 in
1438 942 1528 1009 finem,
1546 937 1755 994 determinatio

108 1033 311 1087 candidissima
321 1037 379 1101 cst;
393 1037 419 1086 ln
429 1034 547 1103 Selenen,
562 1036 591 1090 id
611 1039 653 1090 εει
676 1051 728 1107 per
751 1035 905 1100 Christum,
956 1034 999 1085 est
1011 1029 1326 1102 qualiterinhahitabit.
1334 1030 1419 1083 Facta
1427 1027 1629 1082 adhortatione
1644 1027 1754 1099 adspe-

109 1121 156 1190 qui
166 1138 292 1191 congrue
301 1137 353 1193 per
362 1123 478 1177 Sefmon
490 1124 636 1194 accipitur.
650 1124 766 1178 Setmon
782 1124 858 1177 enim
867 1123 908 1175 in·
956 1120 1004 1185 lia,
1017 1124 1045 1173 ει
1054 1121 1129 1174 facta
1139 1118 1393 1173 commendatione
1405 1117 1512 1171 montis
1523 1117 1647 1188 pinguis,
1659 1133 1755 1173 recer-

108 1210 594 1279 terpretaturannaleeernrnbram
606 1213 712 1283 quippe
724 1211 907 1281 refrigerium
956 1210 1027 1262 titur
1040 1209 1076 1262 ad
1100 1209 1154 1262 hoc
1172 1224 1228 1278 quo
1245 1224 1331 1278 agere
1345 1206 1495 1279 incepitde
1507 1206 1754 1277 praedicatoribus,

108 1294 355 1367 intelligitur,cum
365 1300 468 1353 unrbra
482 1301 645 1354 laborantes
655 1305 724 1356 cestu
735 1299 907 1369 refrigerare
957 1300 986 1351 et
995 1297 1121 1351 Ecclesiae
1131 1296 1346 1351 constitutione,
1361 1296 1394 1348 Et
1404 1295 1432 1349 in
1442 1295 1543 1367 primis
1554 1294 1756 1367 ipsosaposto·

108 1385 198 1439 soleat
226 1386 305 1439 Unde
321 1403 372 1457 per
385 1387 501 1442 Selmon
524 1389 651 1443 Christus
676 1389 831 1442 denotatur
860 1386 907 1457 qui
958 1386 1000 1441 los
1015 1384 1211 1450 commendat,
1230 1387 1262 1438 ut
1280 1385 1421 1454 subjectos
1440 1384 1490 1450 eis,
1506 1384 1598 1453 magis
1613 1384 1757 1452 subjectos

107 1473 212 1527 umbra
227 1478 269 1528 est
281 1474 415 1545 perfecta·
430 1475 667 1547 refrigerationis.
684 1477 715 1528 ln
732 1476 786 1529 hoc
811 1477 907 1529 autem
958 1477 988 1528 et
1001 1475 1167 1529 obedientes
1178 1474 1276 1540 faciat,
1293 1476 1321 1526 et
1336 1474 1389 1527 boc
1401 1473 1440 1526 sic
1455 1472 1536 1526 dicit:
1546 1471 1757 1542 DixiquodDo·

108 1561 242 1631 praelatos
255 1562 397 1634 humiliat,
408 1565 628 1620 ostendensnon
640 1579 729 1636 perse
740 1564 908 1636 dignosesse
958 1565 1046 1617 erlinus
1060 1563 1135 1616 debit
1157 1564 1265 1616 certem
1290 1562 1537 1631 evangelizantibus,
1560 1560 1609 1632 qui
1639 1563 1758 1632 accepto

108 1654 140 1704 ut
157 1667 240 1722 reges
267 1670 352 1724 super
382 1655 535 1710 Ecclesiam
563 1656 780 1722 discernantur3
797 1655 846 1708 sed
858 1670 909 1724 per
958 1650 1543 1716 verbccummultavirtutc,cruntcarries
1555 1649 1760 1716 Dei,deferen·

109 1739 262 1808 Christum,
278 1758 294 1794 a
309 1758 365 1812 quo
385 1744 463 1814 prius
485 1743 551 1797 fidei
579 1745 705 1798 candore
727 1743 908 1797 dealbantur.
921 1733 946 1791 B
961 1741 1001 1793 tes
1011 1741 1099 1793 Deum
1112 1739 1141 1792 in
1152 1739 1283 1793 notitiam
1294 1740 1446 1793 bominum
1457 1737 1762 1808 cumconcordiapre-

109 1828 223 1882 Diceret
240 1829 365 1900 aliquis:
383 1831 482 1885 Eritne
503 1831 632 1886 Cluistus
653 1836 756 1901 potens
785 1846 834 1885 eos
859 1831 909 1884 de·
960 1826 1437 1898 dicationis‚sicutcurrusabequis
1451 1826 1634 1881 concorditer
1655 1829 1762 1880 tractus

32 1906 36 1912 ’
108 1917 427 1988 albareladqoodsic
447 1919 549 1974 addit:
571 1920 626 1974 erit
646 1920 755 1990 utiquc.
783 1919 909 1972 Christus
959 1914 1762 1988 fcrtaliqucm.fametsinamquepraedicatoraproedi·

109 2005 188 2058 enim
202 2005 256 2059 erit
268 2023 342 2059 ειοηε
356 2006 409 2060 Dei
422 2007 523 2072 Patris,
537 2007 566 2062 id
580 2012 623 2061 est
637 2008 806 2062 sublimatus
821 2024 837 2060 a
851 2009 908 2061 Deo
959 2008 1055 2059 catere
1071 2006 1100 2059 in
1116 2005 1211 2059 littera
1226 2004 1336 2058 diversa
1351 2021 1456 2059 sanare
1468 2005 1606 2069 videatur,
1618 2004 1760 2058 incorum

112 2093 196 2147 Patre
212 2094 336 2149 inomni
352 2097 491 2165 potentia.
504 2097 587 2150 Juxta
602 2097 679 2168 quod
703 2097 731 2150 iu
756 2096 908 2165 Evangelio
958 2096 1057 2147 tamen
1074 2093 1227 2159 sententia,
1244 2093 1399 2147 concordia
1414 2097 1456 2147 cst
1471 2093 1642 2146 intellectus.
1659 2091 1761 2146 Currus

112 2179 216 2234 dicitur
232 2198 238 2236 :
255 2205 269 2230 ε
284 2183 368 2236 Dedit
382 2184 407 2238 ei
420 2184 520 2238 onmia
531 2186 614 2238 Pater
628 2185 656 2239 in
674 2202 763 2238 manu
773 2186 908 2249 tloonnn,
960 2182 1023 2237 dico
1035 2182 1157 2236 existens
1167 2182 1303 2252 inulliplee
1317 2181 1405 2237 decem
1422 2182 1547 2248 millitia,
1563 2181 1641 2252 quod
1659 2182 1703 2234 est
1718 2179 1760 2234 di·

112 2264 158 2339 35)
175 2286 182 2322 :
199 2291 213 2317 ι»
224 2270 258 2323 Et
273 2270 338 2324 [ralis
349 2287 433 2326 mons
447 2272 495 2342 qui
516 2272 570 2326 crit
591 2289 666 2326 mores
682 2274 802 2343 pinguis,
823 2272 910 2326 idest
960 2287 1024 2325 cere
1041 2288 1047 2325 :
1065 2271 1200 2325 Collectio
1213 2270 1262 2324 illa
1276 2269 1511 2340 praedicatorum,
1528 2267 1763 2323 multoshabebit

109 2357 276 2411 redundans
292 2359 392 2429 pingui
414 2364 441 2413 ει
457 2361 585 2431 perfecta
604 2361 756 2431 sapientia,
773 2378 830 2432 qua
845 2376 910 2414 suos
960 2360 1173 2430 predicatores,
1189 2359 1289 2413 decem
1304 2358 1393 2412 millia
1409 2357 1525 2423 scilicet,
1533 2357 1561 2412 id
1573 2359 1614 2411 εει
1627 2358 1699 2412 ιειεε
1712 2355 1761 2427 qui

109 2445 217 2498 nutriet
232 2450 261 2499 et
275 2447 448 2502 confortabit
467 2450 504 2502 ad
520 2450 639 2503 modum
661 2449 775 2521 pinguis
792 2449 908 2516 montis,
956 2447 1034 2519 juste
1045 2447 1365 2518 denotanturperhunc
1376 2463 1541 2513 numerum,
1553 2445 1760 2516 quiestdccem

109 2533 157 2603 qui
173 2533 366 2588 inhabitantia
379 2536 406 2589 in
425 2553 454 2590 sc
467 2537 605 2591 animalia
620 2538 775 2610 pinguibus
800 2537 911 2610 pascuis
959 2536 1060 2601 millia,
1073 2536 1180 2590 scilicet
1192 2535 1239 2606 qui
1257 2535 1375 2604 perfecti
1392 2539 1478 2589 erunt
1489 2535 1517 2588 in
1532 2535 1684 2588 sanctitate
1696 2533 1760 2587 etin

108 2620 165 2674 suis
179 2620 344 2693 impinguat
357 2627 385 2678 et
400 2625 554 2680 confortat.
577 2627 688 2680 Etcum
702 2626 738 2680 sit
752 2626 867 2698 pinguis
880 2626 909 2679 in
960 2624 1017 2679 fide
1030 2623 1111 2678 solidi
1128 2624 1164 2678 ad
1179 2623 1397 2678 similitudinem
1411 2624 1495 2693 hujus
1508 2622 1632 2688 numeri,
1651 2622 1699 2692 qui
1719 2624 1762 2676 est

109 2710 250 2781 sapientia
262 2714 291 2766 ει
307 2713 447 2780 doctrina,
471 2717 611 2785 quantum
630 2715 666 2769 ad
688 2716 840 2785 perfectos,
857 2717 911 2770 erit
961 2712 1061 2767 decern
1071 2713 1171 2778 millia,
1185 2712 1233 2783 qui
1250 2712 1286 2766 ab
1302 2711 1490 2766 arithmeticis
1502 2710 1607 2765 dieitur
1618 2711 1761 2774 perfectus

108 2813 183 2852 mons
195 2800 358 2869 coupables,
375 2801 404 2856 id
418 2806 461 2856 εει
475 2804 592 2870 lacteus,
605 2807 746 2873 quantum
766 2805 802 2858 ad
816 2805 911 2859 minus
961 2803 990 2855 ct
1004 2800 1119 2867 solidus,
1136 2816 1170 2854 eo
1187 2801 1264 2870 quod
1280 2800 1443 2854 insolidum
1459 2815 1561 2869 corpus
1572 2798 1701 2852 videatur
1713 2815 1759 2852 ex·

109 2887 262 2957 ρεειεειοε,
287 2889 394 2944 scilicet
408 2891 537 2945 nutriens
552 2909 601 2946 eos
616 2908 703 2962 parva
717 2893 857 2958 doctrina,
874 2892 911 2947 ad
961 2888 1136 2955 cresccre,in
1146 2888 1364 2959 corpusscilicet
1376 2888 1579 2958 quantitatem,
1589 2903 1649 2941 non
1661 2887 1690 2941 in
1701 2902 1761 2942 eor·

109 2974 229 3029 modum
241 2973 332 3047 pueri,
343 2978 391 3048 qui
402 2979 474 3035 lacte
483 2980 781 3051 nutritur.Coagutum
793 2981 910 3052 quidem
923 3008 946 3069 C
961 2993 1014 3048 pus
1026 2977 1225 3042 substantiam,
1243 2977 1320 3047 quod
1334 2976 1465 3030 videficet
1483 2990 1588 3045 corpus
1610 2991 1644 3028 ex
1665 2990 1760 3045 super·

109 3063 226 3132 proprie
242 3064 323 3119 lactis
349 3070 401 3123 est.
419 3068 498 3122 Unde
523 3084 574 3139 per
594 3069 790 3140 coagulatum,
804 3070 912 3124 lacteus
961 3065 1078 3122 faciebus
1088 3067 1223 3137 componi
1239 3064 1352 3130 dicitur,
1365 3081 1428 3135 quae
1439 3063 1718 3134 iterumsuperfrcies
1726 3079 1761 3117 ex

109 3151 317 3206 convenienter
330 3154 478 3224 accipitur.
961 3153 1044 3210 lineis
1057 3154 1277 3210 constituuntur.
1289 3155 1415 3209 Ponatur
1425 3152 1601 3207 centumistc
1612 3168 1759 3217 numerus,

145 3239 257 3293 Etcum
271 3241 307 3295 sit
317 3245 664 3315 monapingnis,quantum
674 3246 871 3316 adperfectos,
884 3249 913 3300 et
962 3246 994 3296 ut
1006 3243 1092 3308 linea,
1108 3245 1137 3296 et
1151 3242 1357 3313 multiplicetur
1365 3245 1477 3294 centum
1486 3256 1537 3311 per
1547 3240 1699 3294 denarium
1708 3257 1760 3293 nu·

109 3327 497 3400 monseoogulolns,quantum
509 3331 544 3385 ad
556 3332 748 3403 imperfectos,
763 3334 912 3388 critetiam
962 3347 1087 3396 merum,
1104 3334 1133 3384 et
1146 3330 1258 3385 dicatur
1274 3347 1280 3383 :
1297 3328 1393 3383 decies
1407 3334 1523 3383 eentum
1541 3328 1591 3382 fiet
1605 3327 1695 3393 mille,
1712 3326 1760 3398 qui

109 3431 184 3467 mons
194 3417 312 3485 pinguis,
328 3420 554 3487 quantumiuse‚
565 3419 595 3474 id
606 3425 649 3474 est
666 3421 816 3475 abundans
831 3423 911 3476 omni
962 3419 1042 3491 quasi
1057 3419 1219 3490 superficies
1234 3418 1270 3473 ab
1286 3417 1475 3471 arithmeticis
1494 3415 1598 3471 dicitur
1611 3432 1645 3471 ex
1661 3416 1760 3470 decem

110 3502 287 3574 perfectione
298 3505 445 3576 sapientie
453 3511 481 3561 et
493 3509 640 3566 virtutum.
650 3510 683 3563 Et
694 3526 760 3564 cum
770 3511 822 3564 iste
836 3507 912 3566 solus
961 3507 1045 3562 lineis
1066 3507 1236 3578 composita,
1249 3506 1357 3560 scilicet
1371 3521 1405 3559 ex
1421 3504 1514 3559 decies
1528 3510 1656 3559 centum.
1671 3503 1762 3558 flulti·

112 3589 267 3647 sitfuturus
277 3610 353 3647 mons
360 3596 488 3664 pinquis:
501 3601 529 3650 nl
544 3597 609 3667 qnid
628 3613 676 3652 vos
695 3598 784 3653 ludaei
799 3601 913 3670 suspice·
961 3596 1082 3666 plicetur
1095 3611 1208 3667 quoque
1219 3593 1383 3666 superficies
1395 3595 1466 3660 baec,
1483 3610 1546 3664 quen
1556 3596 1599 3646 εει
1610 3592 1700 3659 mille,
1711 3606 1764 3662 per

111 3679 192 3745 mini,
206 3679 235 3734 id
250 3685 292 3735 est
304 3683 473 3754 suspicaturi
486 3686 562 3749 estis,
576 3691 676 3739 virentes
690 3687 840 3756 coopellolos
851 3705 911 3743 esse
962 3684 1113 3739 denarium
1124 3682 1358 3739 etceuteuarium
1368 3698 1534 3748 numerum,
1545 3681 1765 3737 etdicaturcen·

112 3756 435 3843 huucmontem244
446 3773 596 3848 pinguem.
614 3775 719 3846 injuste
732 3775 831 3847 utiquc
846 3777 911 3832 estis
961 3778 1022 3827 tum
1036 3772 1129 3827 decies
1138 3772 1243 3833 decies,
1253 3771 1379 3842 quodest
1388 3770 1483 3825 dicere
1493 3769 1703 3834 :Deciesmille,
1715 3768 1764 3823 fret

110 3857 291 3927 suspicaturi,
304 3860 361 3914 Hoc
371 3865 469 3916 autem
480 3864 636 3918 corrective
646 3865 737 3934 ponit,
750 3882 782 3920 ac
801 3866 822 3919 si
834 3866 910 3920 dice·
960 3862 1061 3917 decem
1080 3861 1179 3928 millia,
1197 3860 1273 3931 quod
1287 3859 1411 3914 solidum
1428 3875 1531 3929 corpus
1543 3861 1595 3924 εει,
1613 3857 1762 3912 eri-decena

111 3947 156 3999 ret
167 3946 260 4000 :btulti
269 3951 460 4015 eruntsancti,
470 3952 518 4020 qui
526 3967 585 4021 prae
593 3952 682 4006 nimia
692 3953 842 4007 sanctitate
859 3970 911 4008 sua
960 3949 1164 4021 superficiebus
1178 3948 1381 4019 compositum,
1395 3948 1502 4003 scilicet
1518 3965 1551 4001 ex
1564 3947 1665 4001 decem
1674 3946 1761 4000 milli·

110 4032 288 4101 putabuntur
303 4051 363 4089 csse
383 4037 431 4090 ille
453 4040 564 4107 plripuis
588 4057 663 4093 mons
686 4040 823 4102 Christus,
839 4041 910 4095 sicut
961 4040 1022 4093 hus.
1040 4039 1184 4092 Perfectus
1198 4042 1295 4091 autem
1314 4041 1366 4102 est,
1382 4052 1447 4089 cum
1471 4036 1545 4089 ultra
1565 4035 1761 4089 millenarium

111 4118 245 4186 loannes,
255 4122 402 4190 ieremias,
415 4129 444 4178 et
454 4127 551 4179 caten
563 4126 643 4199 tates,
655 4127 705 4181 sed
716 4131 813 4182 tamen
827 4132 913 4183 crunt
962 4143 1115 4182 numerum
1132 4126 1218 4180 altior
1236 4142 1374 4179 uumerus
1386 4141 1571 4195 nequaquam
1586 4123 1760 4177 inveniatur.

111 4211 254 4280 coagulati
269 4215 455 4279 montes,nou
470 4215 602 4286 pingues,
617 4216 653 4270 ad
663 4219 910 4288 comparationem
962 4216 1033 4270 Cum
1049 4215 1187 4285 sicigitur
1201 4214 1344 4285 perfectus
1359 4213 1395 4266 sit
1418 4213 1471 4267 iste
1490 4228 1639 4272 numerus,
1656 4216 1686 4266 et
1699 4211 1764 4266 soli·

113 4295 185 4365 ejus,
197 4297 226 4352 id
237 4303 373 4354 esterunt
387 4300 480 4363 lactei,
489 4303 567 4374 parvi
578 4303 720 4358 seilicetin
736 4305 867 4361 doctrina
882 4311 911 4362 et
922 4285 948 4343 D
961 4304 1023 4370 dus,
1035 4303 1192 4358 rectissime
1208 4318 1259 4372 per
1274 4302 1374 4357 decem
1391 4301 1492 4366 millia,
1505 4299 1710 4371 praedicatores
1719 4315 1764 4354 ac-

112 4385 253 4455 sapientia
264 4389 301 4443 ad
310 4391 558 4460 comparationem
566 4392 638 4462 ejus.
649 4392 725 4456 Ques
736 4393 832 4464 igitur,
844 4412 911 4450 cum
961 4392 1114 4464 cipiantur,
1130 4391 1178 4462 qui
1195 4390 1224 4445 in
1236 4391 1340 4445 virtute
1356 4393 1385 4444 et
1398 4405 1496 4461 opere,
1513 4387 1585 4443 etin
1601 4387 1657 4443 ude
1672 4392 1762 4444 erunt

113 4471 170 4527 sint
180 4477 333 4548 coagulati,
343 4479 433 4533 nolite
448 4481 585 4552 suspicari
600 4498 661 4535 esse
677 4482 758 4536 illum
773 4483 911 4555 pinguem
961 4482 1055 4538 solidi.

114 4565 257 4617 montem·
272 4565 340 4621 Ilico
356 4568 433 4637 quod
448 4568 556 4623 Selenen
578 4587 653 4624 aeroas
673 4571 785 4641 pinguis
805 4573 869 4640 erit,
883 4576 912 4629 et
997 4572 1031 4624 Et
1043 4571 1092 4625 ilta
1110 4570 1195 4623 millio
1216 4572 1301 4623 erunt
1320 4567 1478 4634 latentiam,
1498 4567 1527 4622 id
1554 4572 1596 4623 est
1618 4565 1659 4621 illi
1680 4565 1763 4622 multi

114 4648 187 4704 adeo
197 4653 309 4721 pinguis
322 4656 399 4724 quod
411 4672 487 4712 anona
499 4659 554 4712 erit
570 4662 597 4711 in
611 4675 662 4730 qno
678 4659 912 4731 beneplucllomest
961 4658 1174 4731 predicatores,
1190 4655 1309 4727 perfecti
1325 4659 1354 4709 ct
1369 4656 1451 4710 solidi
1474 4659 1559 4711 eruut
1583 4657 1715 4711 laetantes
1733 4655 1763 4710 iu

113 4738 181 4805 Deo,
194 4740 224 4794 id
238 4744 281 4797 εει
293 4737 366 4799 bene
379 4745 503 4816 pfaeebit
518 4749 575 4801 Dee
591 4763 625 4803 ex
641 4751 711 4815 tobi,
729 4752 760 4804 ut
779 4750 809 4804 in
832 4751 910 4806 nullo
962 4744 1206 4811 tribulationibus,
1216 4761 1274 4799 non
1286 4744 1453 4798 deficientes
1464 4744 1763 4816 timoreipsarumtri·

114 4826 273 4898 displiceat,
287 4847 320 4885 ac
338 4832 450 4888 sidicat
466 4850 472 4888 :
490 4834 625 4898 Quanrvis
637 4836 667 4890 in
686 4838 833 4893 montibus
852 4839 912 4893 aliis
962 4835 1188 4892 balationum.Et
1203 4833 1268 4889 ideo
1277 4831 1406 4888 lactantia
1416 4836 1501 4887 crunt
1514 4834 1562 4888 illa
1571 4832 1681 4888 millia:
1696 4833 1765 4905 quia

113 4917 225 4987 placeat
237 4917 453 4987 Deo,iueorum
467 4924 619 4978 sanctitate
634 4929 731 4980 tamen
741 4926 912 4998 eritaliquid
961 4926 1094 4981 Dominus
1109 4923 1164 4977 erit
1178 4925 1206 4976 in
1221 4925 1256 4976 eis
1271 4921 1436 4994 spiritaliter
1460 4924 1488 4974 in
1511 4920 1590 4987 Sino,
1607 4919 1635 4975 id
1664 4925 1709 4976 est
1733 4922 1764 4978 in

114 5001 144 5057 in
160 5021 217 5076 quo
233 5007 259 5060 ei
275 5007 431 5082 displiceat.
448 5011 538 5066 Nemo
555 5015 633 5066 enim
649 5014 775 5069 mundus
790 5015 911 5078 asorde,
962 5013 1121 5067 tentatione
1134 5011 1363 5077 tribulationum,
1375 5027 1411 5064 nc
1425 5010 1569 5065 deficiant.
1581 5009 1763 5083 Sinuquippe

114 5107 168 5147 nec
180 5094 276 5150 infans
287 5100 367 5168 cujus
380 5099 464 5154 unius
478 5101 535 5154 diei
552 5100 608 5155 vita
623 5118 708 5174 super
722 5107 841 5158 terram,
856 5103 912 5158 Sed
963 5100 1306 5162 lentullodieitur,scilicct
1316 5102 1344 5153 in
1358 5106 1448 5152 salicto
1460 5099 1514 5152 erit
1529 5097 1617 5163 ineis,
1628 5098 1658 5152 id
1673 5100 1717 5153 cst
1732 5099 1761 5154 in

115 5195 181 5236 cum
192 5182 586 5260 istepinqnhmomapcccato
597 5190 750 5245 futurussit
763 5191 910 5257 immunis,
962 5187 1438 5254 sanctitate,uteossauctosfaciat,
1450 5186 1688 5242 etconstantesin
1701 5186 1764 5261 ipsa

113 5268 144 5324 in
153 5285 187 5325 eo
199 5272 403 5344 beneplacebit
413 5292 464 5347 per
473 5277 573 5334 emnia
581 5277 630 5333 Dei
638 5279 724 5332 Patri.
740 5279 823 5333 Juxta
835 5279 912 5351 quod
961 5276 1132 5343 tentatione,
1135 5277 1218 5347 juna
1229 5276 1307 5346 quod
1317 5275 1395 5330 idem
1407 5275 1437 5329 in
1449 5275 1601 5346 Evangelio
1614 5278 1739 5331 testatur
1754 5291 1761 5330 :

113 5354 193 5415 idem
206 5360 236 5414 iu
256 5363 409 5436 Evangelio
422 5368 557 5421 testatur:
570 5385 585 5418 (ι
597 5365 645 5421 ftie
664 5370 707 5421 est
726 5367 810 5422 filius
831 5381 912 5423 meus
962 5386 977 5418 c
991 5366 1059 5420 Ecce
1070 5382 1124 5436 ego
1135 5366 1280 5419 vobiscum
1291 5381 1353 5419 sum
1363 5362 1499 5419 omnibus
1512 5364 1613 5418 diebus
1622 5380 1712 5436 usque
1726 5364 1764 5420 ad

116 5444 245 5517 dilectus,
261 5450 290 5506 iu
305 5469 361 5526 quo
378 5453 449 5509 mibi
461 5454 622 5525 cemplacui
638 5452 748 5521 (Metili.
766 5471 807 5523 ιιι,
826 5453 880 5528 la).
897 5477 911 5504 »
961 5452 1531 5524 consummationemsaeculi(Mollb.viri,
1542 5457 1596 5519 ιθ).
1608 5452 1764 5508 »Ostendit

115 5532 174 5593 ttae
186 5540 230 5595 est
240 5539 306 5596 acsi
321 5541 446 5599 diceret:
463 5542 688 5618 inperfectione
709 5543 790 5620 cujus
804 5543 912 5603 munds
961 5542 1543 5620 cutemquomodoflentcurrus,facieudo
1553 5541 1763 5619 apostropham
