3772 5970
166 264 235 326 tter
466 258 497 324 S.
510 259 683 324 hannonis
701 260 1018 323 mnnunsnnonntt
1035 258 1270 322 msnmttents
1286 260 1367 322 OPP.
1386 261 1487 322 PARS.
1506 260 1519 321 l
1764 261 1838 324 llll

166 366 972 459 ambarumscilicet,prophetaram‚etaliorumfidelium,
984 387 1012 447 Α
1022 382 1102 452 tens,
1118 387 1148 441 et
1161 385 1194 440 ut
1219 383 1295 440 viros
1315 384 1441 441 solveret
1454 397 1472 440 a
1486 382 1617 456 peccatis.
1636 380 1725 441 Unde
1741 382 1841 457 seqni-

164 474 215 547 qui
222 473 331 547 Spiritu
341 475 371 531 S.
383 475 471 548 pleni,
488 475 550 547 ejus
574 474 731 530 adrentum
756 474 787 529 in
810 489 898 529 carne
914 489 974 529 cre-
1022 477 1080 542 tur,
1096 480 1122 529 et
1135 473 1327 542 solueret'filiue
1334 475 1560 545 interemptorum,
1569 472 1598 528 id
1612 476 1657 529 est
1667 473 1839 546 primorum

165 563 283 631 debant,
299 564 455 636 sperabant
468 564 498 617 et
522 562 734 629 desiderabant,
750 566 778 616 et
793 561 822 617 in
838 561 896 616 suis
911 577 974 617 ora·
1023 561 1838 636 parentum,qailueruntinteremptoresmtinterempti,

165 650 292 707 tionibus
304 652 452 706 humiliter
465 651 665 724 requirehaut;
681 653 711 704 ut
724 651 760 704 ad
779 650 973 723 reparandam
1023 652 1091 725 quia
1103 667 1218 706 causam
1229 650 1505 723 interemptionis,id
1519 654 1563 705 ast
1576 650 1725 723 originale
1740 667 1839 723 pecca·

102 750 108 757 ·
164 739 326 796 humanam
339 743 474 797 naturam
484 726 792 808 inmund‘umvenirct,
802 737 971 793 martisvin-
1022 742 1084 796 tum
1097 739 1134 795 ad
1149 739 1222 794 illios
1238 738 1469 795 transmiserunt.
1486 737 1565 795 Sicut
1580 738 1836 812 dicitApostolus:

165 828 230 882 cula
244 828 376 896 solveret,
393 831 423 882 et
437 828 501 882 vitae
515 827 637 894 aditum,
653 843 741 899 quem
749 826 834 897 primi
846 826 972 898 parentis
1022 827 1094 892 Quia
1109 842 1262 897 perunum
1277 820 1440 890 hominem,
1451 826 1480 881 id
1489 829 1591 898 estpcr
1604 827 1703 884 Adam
1714 828 1835 885 atEvam

166 915 250 988 culpa
276 917 427 985 clauserat,
456 916 590 988 aperiret,
616 914 912 971 dieenteszaUtinam
928 914 971 970 di·
1022 915 1223 988 quisuntduo
1252 914 1281 970 in
1296 931 1385 971 carne
1397 931 1456 970 una
1468 914 1548 988 (Gen.
1565 931 1596 984 ιι,
1613 918 1669 988 zet,
1697 933 1781 973 mora
1792 917 1834 974 in·

165 1020 315 1078 rumperes
340 1006 425 1061 caelos
450 1008 479 1059 et
504 1004 694 1059 descenderes
716 1003 781 1076 (lea.
814 1020 887 1072 uxrv,
903 1003 972 1075 1).»
1022 1002 1164 1058 troivitiu
1188 1003 1290 1059 orbem
1316 1003 1563 1071 terrarumtflnm·
1579 1021 1606 1072 v,
1624 1004 1681 1078 ta).
1712 1005 1749 1060 Et
1772 1004 1834 1064 itleo

165 1095 296 1149 «Emitte
305 1096 432 1166 Agrium,
443 1091 800 1160 Domine,dominatorcm
813 1096 897 1149 terrae
905 1091 971 1165 (lca.
1021 1089 1156 1147 Dominus
1169 1091 1200 1146 de
1228 1092 1289 1147 coetc
1304 1094 1333 1147 in
1359 1100 1459 1148 terram
1487 1093 1598 1165 aspecit,
1627 1095 1659 1149 ut
1672 1091 1833 1151 imitatores

166 1199 221 1250 xvi,
235 1186 269 1241 tt.
286 1203 300 1231 »
318 1203 332 1233 a
348 1180 435 1250 Mitte,
448 1181 676 1254 Domine,quem
686 1181 824 1237 missurus
835 1181 970 1254 esti-laod.
1022 1194 1125 1235 eorum
1138 1180 1186 1252 qui
1201 1179 1302 1235 frando
1313 1180 1419 1236 diaboli
1435 1184 1502 1236 sunt
1513 1181 1832 1255 perempti,apaternis

165 1287 203 1337 iv,
219 1269 272 1341 tit.
287 1290 301 1319 a
316 1292 329 1319 a
347 1269 481 1337 Domine,
499 1268 607 1325 inclina
618 1271 703 1326 caelos
717 1273 782 1326 tuos
794 1270 972 1327 etdescenda
1022 1268 1168 1324 erroribus
1182 1268 1329 1324 liberaret.
1345 1269 1389 1324 Ad
1399 1270 1454 1325 hoc
1464 1269 1572 1325 scilicet
1585 1277 1616 1324 ut
1629 1274 1793 1327 annuntient
1806 1274 1832 1327 ia

165 1355 201 1413 II
211 1356 278 1429 Rea.
294 1373 361 1425 xxa,
375 1358 428 1425 to).
443 1378 458 1407 »
475 1357 623 1413 «Veniens
641 1359 705 1413 reni
733 1362 763 1413 ct
782 1358 841 1414 noli
856 1359 971 1414 tardare
1021 1354 1100 1423 Sion,
1115 1355 1145 1411 id
1160 1359 1203 1412 est
1218 1355 1247 1411 in
1270 1356 1393 1412 Ecclesia
1421 1356 1573 1425 militante,
1589 1374 1689 1414 nomen
1713 1359 1831 1428 Dauniam

167 1445 285 1518 [Halae.
294 1444 389 1518 ¹12³)·>¹
397 1467 410 1496 a
421 1446 547 1501 Ostende
555 1445 872 1503 nobismisericordiem
879 1450 971 1516 taam,
1022 1444 1099 1516 quod
1114 1447 1256 1518 estsuper
1269 1460 1358 1501 omne
1374 1460 1484 1502 nomeu
1498 1446 1831 1521 admirabileffbitrpur,

167 1537 197 1593 et
208 1535 332 1590 salutare
345 1537 429 1589 taum
440 1534 477 1589 da
486 1533 569 1589 nobis
593 1534 677 1607 (Psal.
692 1552 799 1603 cxxxiv,
813 1536 850 1608 8),
868 1536 973 1591 »ethis
1023 1533 1060 1604 9),
1074 1549 1127 1588 nec
1141 1537 1185 1588 est
1199 1533 1276 1588 aliud
1293 1535 1461 1590 nomensub
1477 1536 1560 1602 coelo,
1567 1534 1597 1588 iu
1610 1551 1670 1608 quo
1685 1551 1832 1607 nosopor·

166 1620 280 1679 similia.
292 1621 453 1677 inistorum
465 1621 564 1695 itaque
572 1622 737 1679 orationem
747 1623 909 1695 respexit,et
919 1640 971 1680 non
1023 1623 1082 1676 teat
1094 1622 1184 1677 salvos
1194 1620 1338 1693 tieri(Act.
1354 1625 1457 1693 1v‚t2);
1472 1629 1498 1677 et
1510 1622 1742 1680 utannuutiant:
1754 1625 1831 1695 nica,

166 1713 265 1784 spreuit
274 1728 381 1783 precem
395 1728 495 1779 eorum,
512 1712 580 1784 quia
590 1729 657 1768 eum
666 1714 695 1768 in
705 1731 793 1786 quem
803 1714 971 1782 credebant,
984 1714 1011 1773 B
1023 1709 1127 1762 nauem
1139 1709 1206 1780 ejus,
1224 1709 1343 1765 D⁰mini
1357 1710 1464 1766 scilicet
1478 1712 1507 1765 in
1534 1710 1721 1780 Rementem,
1748 1713 1780 1769 id
1791 1716 1832 1769 eil

167 1816 255 1872 quem
266 1800 432 1871 sperabant,
448 1802 478 1855 et
493 1817 580 1873 quem
595 1800 626 1855 in
641 1800 888 1859 miserationibus
905 1818 972 1859 cum
1022 1795 1052 1852 in
1064 1797 1187 1852 Ecclesia
1198 1797 1407 1881 triumphante.
1423 1799 1491 1855 Ideo
1507 1803 1605 1855 autem
1629 1800 1702 1856 dicit
1724 1818 1832 1859 noman

165 1888 397 1945 tantadesiderio
408 1888 703 1962 requirebantmisit,
715 1895 745 1947 et
757 1891 797 1947 eis
810 1893 859 1964 qui
872 1893 974 1965 uepre-
1023 1886 1084 1957 ejus
1099 1885 1127 1940 io
1144 1883 1213 1941 Sion
1228 1884 1474 1955 annuntiandum,
1489 1887 1714 1961 etlaudemajus
1728 1889 1762 1946 in
1775 1891 1835 1947 nie·

155 1972 315 2045 'cabantum
331 1977 456 2033 indulsit.
472 1977 973 2052 thuiahaecqumdictasuntquod
1023 1974 1158 2043 rusulum,
1182 1973 1248 2046 quin
1275 1972 1345 2029 Sion
1377 1976 1530 2046 tumulatio,
1558 1977 1740 2034 Hierusalem
1769 1981 1835 2036 vitm

53 2121 65 2145 x
165 2063 272 2119 scilicet
292 2067 402 2135 respexit
433 2064 506 2119 Deus
535 2067 563 2118 in
589 2068 736 2121 orationem
763 2068 905 2122 iiurniiium
921 2083 973 2140 per
1017 2062 1835 2136 pacisiutcrpretaturdnpraesentiautemlioelcsia,tleum

166 2152 228 2223 ejus
242 2152 483 2221 incarnationem,
495 2154 573 2226 quod
588 2154 739 2210 aedificavit
750 2155 905 2211 Ecclesiam
922 2172 974 2228 per
1023 2151 1153 2206 ridemus
1168 2166 1220 2221 per
1231 2152 1380 2222 speculam
1403 2151 1476 2208 etin
1491 2153 1663 2225 aenigmate.
1679 2156 1712 2212 ln
1727 2157 1835 2214 coelesti

129 2256 134 2264 “
165 2240 227 2312 ejns
238 2240 509 2314 praedicationemet
516 2242 692 2313 passionem,
702 2246 731 2298 et
742 2244 821 2316 quod
833 2244 974 2300 videndus
1023 2255 1090 2294 vero
1104 2238 1263 2294 videbimus
1271 2255 1338 2294 eum
1346 2239 1427 2295 sicuti
1437 2244 1489 2296 est.
1500 2241 1580 2296 Nunc
1588 2243 1836 2316 cognoscimusex

165 2331 219 2397 cst,
235 2327 264 2383 in
280 2328 372 2400 gloria
383 2332 448 2401 post
460 2329 590 2385 futuram
598 2331 851 2400 resurrectionem,
865 2348 974 2404 magna
1023 2330 1115 2398 purte·
1131 2327 1209 2381 Tune
1232 2330 1330 2382 nulum
1353 2343 1560 2399 cognoscemus
1582 2330 1656 2386 sicut
1682 2335 1713 2387 et
1726 2333 1836 2405 cogniti

164 2417 974 2492 suntetmemcratudigna;nepcringratitudinemob·
1023 2431 1122 2470 sumus
1146 2413 1364 2486 (innexuit.
1381 2419 1434 2488 lt).
1463 2418 1495 2473 ln
1524 2419 1663 2490 praesenti
1696 2419 1834 2476 virtutem

164 2504 262 2560 liviani
269 2506 456 2574 mandentur,
466 2506 618 2562 scribantur
629 2507 666 2561 ad
681 2511 852 2579 perpetuam
865 2508 975 2565 reime·
1024 2503 1112 2558 divini
1128 2503 1255 2559 nominis
1269 2504 1450 2575 speculantes
1464 2505 1667 2578 intelligimus,
1690 2507 1722 2563 in
1738 2508 1836 2565 future

166 2593 291 2649 moriam
317 2596 346 2649 in
366 2596 535 2665 quaeratione
566 2594 661 2663 attera,
693 2595 723 2650 id
748 2599 790 2651 est
819 2596 974 2653 utilitatem
1023 2592 1116 2647 laudis
1129 2593 1460 2664 ejuspraeconiapacem
1474 2593 1800 2652 videntesattollsmus.

165 2682 284 2739 alterius
298 2682 506 2755 generationis,
519 2701 582 2757 quae
597 2686 975 2761 tuncsuccessuraaratper-
1059 2681 1122 2735 Nun
1135 2681 1332 2737 sulumeulem
1342 2681 1481 2752 predicte
1495 2681 1834 2741 ieciluiennunlieturii

164 2787 253 2827 versae
270 2771 453 2845 generationi
479 2771 645 2828 iudaeorum
658 2789 665 2829 z
677 2772 722 2829 cui
741 2774 881 2830 Dominus
910 2777 972 2832 ait:
1023 2769 1091 2827 Sion
1101 2770 1425 2840 nomenDurnini,etlaua
1437 2770 1493 2842 ejus
1505 2773 1534 2826 in
1545 2771 1833 2842 [timotianorum

164 2858 317 2915 Generatio
333 2859 491 2928 incredula,
509 2859 639 2933 quandiu
655 2860 732 2932 apud
744 2877 794 2917 vos
808 2878 869 2932 ero,
882 2880 974 2936 quan·
1025 2861 1114 2915 etiam
1129 2862 1157 2914 in
1168 2859 1343 2914 conveniendo
1363 2859 1477 2932 populos
1503 2861 1669 2930 Iudaicum,
1685 2862 1797 2919 scilicet
1807 2867 1835 2920 at

123 2947 125 2950 ’
164 2942 215 3006 diu
228 2963 278 3003 vos
292 2945 386 3019 patiar
397 2945 501 3017 (Marc.
519 2963 556 3015 ix,
573 2947 636 3020 tt);
652 2948 689 3004 ad
702 2948 855 3006 utilitatem
869 2951 975 3007 scilicet
986 2997 1010 3058 C
1025 2948 1175 3021 gentilem,
1191 2949 1428 3005 inunumcultum
1446 2948 1793 3020 scilicetetauamssdem,
1804 2956 1836 3008 ot

166 3034 362 3106 generationis
372 3033 584 3093 Christianaeda
593 3052 651 3108 qua
658 3036 810 3108 sequitur:
826 3044 851 3094 et
859 3040 975 3110 populus
1025 3036 1061 3091 sit
1069 3059 1083 3087 a
1091 3052 1183 3092 unum
1195 3036 1268 3092 ovile
1278 3039 1308 3091 et
1318 3054 1393 3093 unus
1401 3036 1597 3110 pastortlaan.
1613 3054 1642 3106 x,
1660 3039 1718 3111 tt).
1735 3040 1836 3097 »Sicut

165 3123 282 3199 gentilis
307 3123 386 3196 prius
413 3123 536 3196 peccatis
557 3128 698 3194 mortuus,
714 3129 763 3197 qui
773 3128 909 3183 creabitur
923 3144 976 3199 per
1027 3142 1128 3180 «uncis
1142 3127 1227 3194 Deus,
1243 3142 1302 3180 una
1316 3125 1397 3193 fides,
1407 3140 1498 3181 unum
1506 3126 1653 3198 baptisma
1666 3125 1778 3200 (Epicu.
1798 3145 1833 3198 rr,

163 3212 310 3269 lavacrum
323 3211 566 3285 regenerationis,
582 3216 613 3269 ut
626 3229 699 3269 nova
714 3213 751 3269 sit
766 3217 975 3286 creaturaiun-
1025 3213 1064 3286 5),
1078 3235 1092 3264 κ
1101 3213 1165 3270 etin
1176 3213 1551 3285 conveniendoetiamreper
1566 3218 1735 3285 terrae‚non
1743 3218 1835 3274 satam

163 3300 238 3356 dabit
251 3300 410 3368 Dominum,
427 3317 501 3356 novo
523 3299 647 3371 cantico,
661 3305 781 3375 propter
797 3319 904 3359 norum
922 3304 974 3360 ho·
1025 3301 1138 3375 eosqui
1154 3302 1267 3374 populis
1281 3304 1420 3373 presunt,
1433 3303 1484 3359 sed
1498 3302 1586 3359 etiam
1603 3318 1655 3360 eos
1666 3305 1719 3377 qui
1726 3306 1836 3378 seipsos

163 3388 287 3457 minem,
307 3387 355 3461 qui
365 3388 627 3457 datusestmundo‚
639 3406 705 3445 eum
723 3391 974 3462 cordecredenda,
1025 3393 1054 3445 et
1069 3407 1135 3445 suos
1150 3390 1268 3445 affectus
1280 3393 1309 3445 ct
1322 3388 1413 3445 animi
1429 3391 1837 3465 motusbeuereguntmtsrr·

165 3476 973 3555 crelaudando,etoperibasconlitendo.itaec‚inquam,
1025 3481 1101 3533 uiant
1128 3478 1256 3547 Domino,
1286 3477 1501 3534 illiscilicetde
1530 3496 1587 3550 quo
1608 3480 1834 3554 scriptumest:

163 3565 314 3642 generatio
328 3565 449 3620 laudabit
458 3565 617 3635 Dominum,
634 3568 766 3643 quiaipse
775 3569 914 3625 Dominus
925 3571 974 3644 qui
1024 3566 1209 3623 «Dominum
1234 3568 1422 3623 Deumtuum
1447 3566 1591 3634 adorabis,
1605 3567 1693 3624 etitti
1707 3570 1764 3626 soli
1777 3585 1838 3627 scr-

167 3677 183 3708 ιι
198 3656 256 3711 alta
269 3672 288 3712 a
307 3655 395 3727 longe
421 3653 570 3728 cognoscit
600 3655 686 3728 (Psoi,
699 3673 815 3727 cxmvu,
833 3658 871 3730 6),
886 3680 899 3708 n
914 3676 974 3716 non
1025 3654 1234 3727 viestDeut.v1,
1258 3658 1312 3728 it),
1326 3674 1342 3708 n
1355 3655 1401 3711 cui
1428 3653 1546 3719 servire,
1573 3671 1719 3728 regnam
1734 3661 1779 3715 et:
1789 3658 1837 3732 qui

163 3745 256 3801 solum
270 3742 383 3801 Judaeos
393 3743 442 3816 qui
449 3758 538 3816 prope
547 3759 608 3800 csse
621 3744 803 3815 videbantur,
821 3747 871 3803 sed
884 3747 974 3803 etiam
1025 3764 1039 3794 a
1055 3744 1143 3800 habet
1158 3743 1188 3798 iu
1203 3743 1375 3800 vestimento
1391 3744 1421 3799 et
1435 3742 1465 3799 in
1479 3743 1591 3799 temore
1604 3743 1837 3819 ejusscriptum:

163 3831 287 3906 gentiles
304 3833 451 3906 prosperii,
467 3829 497 3886 id
521 3834 564 3887 est
577 3830 613 3887 de
629 3834 728 3905 procul
743 3835 870 3908 aspexit:
882 3835 914 3892 de
928 3853 973 3891 ea·
1024 3832 1083 3887 Rex
1111 3848 1214 3904 regum
1229 3835 1258 3887 et
1271 3832 1412 3889 Dominus
1437 3829 1630 3888 dominatium
1658 3832 1765 3906 (Aper.
1780 3851 1836 3900 xix,

163 3922 232 3979 oeteo
244 3920 351 3976 scilicet
362 3925 453 3974 sancta
465 3935 522 3986 suo,
539 3918 610 3975 dum
635 3935 689 3992 per
714 3920 775 3992 ejus
798 3922 974 3981 incarnatio·
1026 3923 1079 3994 16).
1096 3942 1110 3970 n
1124 3921 1278 3994 llisitaque
1304 3919 1452 3978 beneflciis
1472 3921 1594 3976 Ecclesia
1620 3927 1792 3993 provocata,
1807 3926 1840 3994 et,

164 4027 234 4066 nom
248 4005 371 4064 visitavit
394 4023 447 4063 nos
458 4007 555 4063 orions
568 4023 603 4062 ex
626 4009 696 4077 atto,
713 4011 791 4081 quod
815 4011 975 4071 evidentius
1026 4005 1056 4064 iu
1066 4025 1199 4066 amorem
1214 4009 1677 4080 eternitatisacceusa,respoadii,
1696 4027 1760 4067 non
1775 4015 1835 4069 tam

164 4095 291 4171 exponit,
308 4094 533 4167 cumsubjangit
548 4113 557 4149 ι
572 4095 704 4151 Dominus
716 4097 819 4155 maela
833 4102 862 4154 in
877 4108 975 4157 terram
1025 4114 1096 4154 voce
1111 4114 1200 4170 quam
1211 4098 1309 4167 corde,
1325 4114 1384 4154 nou
1394 4100 1456 4153 tam
1467 4097 1554 4153 verbo
1569 4113 1658 4169 quam
1675 4099 1834 4168 desiderio,

164 4188 278 4260 aspecit,
290 4184 360 4240 dum
377 4183 413 4239 de
423 4182 569 4255 regalibus
588 4183 704 4240 sedibus
714 4184 744 4241 iu
758 4190 873 4243 uterum
882 4188 974 4262 Virgi-
1025 4202 1085 4242 nun
1098 4185 1470 4259 tamlinguaquamvita,ei
1478 4185 1838 4262 Daminmsciticetgratu·

166 4274 211 4330 nis
227 4273 307 4330 veuit
322 4271 398 4344 (Sap.
424 4286 502 4338 xvm,
517 4271 572 4343 to).
587 4271 702 4328 Hoecest
715 4273 795 4329 enim
808 4273 976 4350 incorrupta
986 4284 1014 4345 1)
1024 4275 1112 4331 lando
1128 4281 1158 4331 et
1170 4276 1356 4347 obsequendo
1368 4273 1520 4348 praeceptis
1534 4274 1596 4346 eJ'us
1621 4275 1651 4329 in
1664 4278 1713 4332 uia
1726 4279 1837 4334 cumen

164 4361 312 4428 termille,
328 4359 374 4416 cui
389 4357 538 4415 benedixit
547 4360 697 4429 Dominus,
709 4362 745 4418 ab
756 4363 837 4419 omni
847 4368 977 4437 propter·
1024 4380 1088 4432 enee,
1100 4363 1183 4420 idest
1196 4364 1226 4418 in
1240 4364 1296 4420 iltis
1313 4363 1362 4437 qui
1373 4363 1436 4435 jam
1460 4365 1537 4429 suat,
1553 4362 1631 4418 viam
1650 4363 1836 4422 virtutiasua

165 4468 200 4507 ea
214 4448 324 4522 paccati
341 4447 515 4521 contagione
530 4447 631 4517 libera,
647 4465 805 4523 perquam
822 4451 885 4510 vitae
900 4454 977 4512 viam
1026 4456 1057 4507 et
1069 4452 1255 4524 perfectiouis
1265 4451 1393 4524 aggressi
1407 4452 1565 4524 postulans,
1577 4453 1606 4507 et
1616 4451 1784 4524 implorans
1794 4455 1839 4510 in·

166 4539 348 4612 agnovimus,
368 4540 398 4593 et
422 4536 597 4608 promissam
625 4539 778 4595 veritatem
801 4543 974 4615 accepimus.
1026 4543 1106 4614 genti
1115 4542 1258 4598 desiderio
1287 4541 1446 4608 oestuaudo,
1470 4542 1502 4596 ut
1515 4540 1781 4598 indiceteiutrum
1800 4543 1837 4599 sit

168 4627 237 4692 Qua
264 4625 331 4701 quia
344 4625 434 4699 digna
464 4624 528 4694 tuit,
541 4626 673 4682 Dominus
696 4628 728 4684 de
753 4628 814 4684 coelo
838 4632 976 4690 interram
1024 4635 1090 4704 post
1104 4647 1210 4705 paucos
1227 4632 1264 4686 ad
1279 4630 1399 4688 coelestis
1413 4627 1599 4686 beatitudinis
1615 4631 1745 4702 patriam
1769 4648 1835 4705 per·

167 4718 279 4789 nepem.
1024 4723 1155 4784 ventura,
1171 4719 1270 4775 dicens
1281 4722 1446 4791 paucitatem
1460 4717 1564 4772 dierum
1590 4734 1716 4774 meorum
1737 4722 1837 4776 nunna

204 4805 261 4861 Sed
275 4803 313 4861 ed
328 4801 425 4876 quid?
443 4800 469 4858 U
469 4807 479 4855 ἱ
500 4800 617 4866 audiret.
639 4801 770 4876 inquam,
784 4812 897 4877 cernitur
912 4828 975 4866 con·
1025 4809 1101 4876 nitri,
1117 4808 1146 4864 id
1159 4811 1202 4865 est
1215 4808 1312 4864 indica
1325 4807 1398 4863 mihi
1424 4810 1521 4862 utrum
1548 4821 1602 4879 ego
1616 4807 1719 4879 paucis
1732 4808 1835 4866 diebus

164 4894 325 4968 peditarum,
336 4873 424 4962 40)
441 4890 471 4945 id
483 4893 527 4946 est
538 4891 737 4965 gemebundas
751 4912 850 4968 preces
860 4914 975 4964 eorum,
1025 4893 1745 4970 debecminhocpercgrinationiscxsiliomanere.
1755 4898 1834 4955 «Cu-

167 4981 275 5057 quipro
282 4982 399 5054 peccato
407 4976 493 5051 primi
502 4979 790 5052 parentisininierno
804 4987 974 5059 compediti,
1024 4984 1073 5057 pio
1089 4985 1167 5041 euim
1187 4985 1300 5041 dissolvi
1325 4989 1355 5040 et
1381 5001 1442 5040 esse
1457 4999 1524 5040 cum
1552 4982 1664 5039 Christo
1679 4985 1801 5059 (Ptitip.
1815 5004 1834 5056 r,

167 5070 343 5128 tenebantur
366 5067 485 5123 vinculis
499 5069 701 5139 tenebrarum
715 5088 787 5143 quos
802 5074 929 5131 Christus
944 5075 974 5132 in
1025 5074 1079 5146 23),
1095 5095 1110 5124 a
1127 5077 1155 5129 et
1169 5074 1207 5129 ad
1238 5090 1363 5147 regnum
1378 5075 1491 5130 coeleste
1504 5071 1657 5144 pervenire
1687 5073 1834 5143 desidero,

167 5159 263 5217 triduo
275 5157 311 5213 ad
320 5155 738 5226 internadesceudens,solutis
748 5162 975 5218 martisvinculis
1021 5162 1129 5233 jugiter
1143 5178 1230 5218 orans
1244 5166 1275 5217 ut
1293 5162 1428 5218 adveniat
1438 5177 1562 5233 regnum
1571 5162 1654 5216 tuum
1666 5161 1785 5233 (Muti.
1796 5180 1834 5232 ιι,

167 5246 309 5304 liberavit.
326 5245 376 5300 Vel
390 5248 421 5299 nt
446 5245 551 5299 audiret
578 5252 691 5315 gemitur
712 5251 928 5321 compeditorum,
945 5252 974 5306 id
1026 5251 1068 5323 lt)
1082 5252 1121 5306 Ne
1134 5251 1304 5324 quisautem
1329 5253 1444 5323 putaret
1462 5249 1550 5322 quod,
1564 5250 1688 5321 propter
1703 5251 1834 5322 paucita-

168 5340 212 5393 cst
227 5350 339 5403 eorum,
356 5332 551 5405 quiadiaboto
563 5336 737 5392 tenebantur
744 5339 900 5412 compediti
908 5356 975 5396 con·
1025 5344 1084 5398 tem
1100 5342 1213 5398 dierum
1237 5358 1324 5415 quam
1341 5344 1422 5413 optat
1439 5341 1507 5396 ante
1525 5339 1615 5393 tinam
1631 5340 1745 5409 saecuti,
1761 5343 1836 5398 earet

168 5422 320 5482 suetudine
332 5421 481 5496 peccandi.
495 5423 539 5478 dd
558 5424 614 5480 hoc
623 5425 703 5482 enim
717 5427 882 5499 specialiter
892 5427 971 5486 Chii·
1024 5431 1150 5488 Ecclesia
1166 5431 1304 5499 liniendo,
1327 5429 1484 5503 subjunxit,
1505 5430 1534 5484 et
1546 5426 1605 5484 ait:
1616 5426 1662 5484 Ne
1674 5445 1782 5487 revocer
1797 5448 1837 5488 me

170 5518 230 5571 stus
241 5510 320 5569 veuit
331 5510 361 5569 iu
377 5507 531 5580 mundum,
549 5515 581 5570 ut
595 5519 726 5573 mortuos
735 5515 872 5576 liberaret
884 5518 919 5576 ab
930 5519 973 5578 in·
1022 5522 1050 5577 in
1065 5521 1175 5579 dimidio
1186 5520 1288 5578 dierum
1300 5536 1430 5593 mecmm,
1442 5518 1472 5577 id
1483 5520 1527 5578 est
1538 5515 1711 5577 antennam
1725 5520 1838 5593 moui,
