3772 5970
184 222 256 314 ‘roso

488 244 518 305 s.
528 220 703 304 annuens
723 214 1037 302 eoormsrsnonnn
1056 237 1289 298 rusrnmoars
1309 239 1386 315 oro.
1407 238 1537 298 orosi

1776 246 1841 302 {tot

187 377 230 430 tes
258 372 342 428 lateas
367 367 514 425 doctrinas
542 362 1498 434 dantadbeatitudinemattin-Aqm'mnteon;liecutsnpcrius
1520 361 1549 416 in
1577 361 1672 434 prima
1701 366 1843 419 sententia

189 463 327 535 geadam.
345 461 486 515 Caeterum
504 456 641 530 quidquid
654 454 705 525 ipsi
720 455 826 521 dicant,
843 455 896 508 boc
912 452 991 507 robis

189 551 375 607 manifestum
390 547 436 615 sit,
452 549 482 601 et
492 549 597 611 ratum,
613 543 680 615 quia
695 559 793 598 revera
808 541 884 596 beati
905 543 991 595 crunt

190 637 356 694 immaculati
375 638 402 690 in
425 637 468 688 cia
483 633 643 699 existentes,
667 631 773 686 scilicet
787 629 828 684 illi
840 628 991 684 beatitudi-

191 745 259 784 nem
274 742 372 781 reram
402 723 548 793 attingent
563 721 610 792 qui
626 737 678 791 per
693 719 779 775 sideru
793 718 944 773 existentes
959 719 989 772 in

178 820 244 889 cio,
260 816 289 871 id
303 818 345 870 est
358 814 387 867 in
407 812 518 866 Christo
532 810 579 880 qni
596 814 639 863 est
660 810 704 864 sia
719 807 755 861 ad
771 806 988 873 beatitudinem,

189 903 358 962 immaculati
368 903 445 966 sunt,
463 899 547 952 idest
568 898 744 962 innocentes,
761 897 838 949 nulla
853 894 988 948 crimina-

190 995 223 1052 lis
237 991 345 1064 peccati
361 989 472 1043 macula
487 986 644 1041 sordentes.
660 984 802 1047 Qirauiam
818 986 914 1037 eutem
931 998 988 1036 nun

190 1081 295 1137 sullicit
310 1079 452 1133 abstinere
467 1092 482 1129 a
496 1075 583 1138 malo,
601 1074 652 1127 nisi
666 1074 714 1127 tlat
728 1072 804 1144 quod
817 1075 924 1125 rectum
937 1073 989 1137 est,

191 1172 290 1227 addit:
314 1166 495 1231 lonnaculati,
516 1164 646 1235 inqnani,
674 1165 720 1234 qui
733 1160 872 1215 cirrebiitant
892 1161 922 1215 in
937 1160 992 1228 lupe

189 1260 309 1324 Domini,
326 1256 430 1310 scilieet
460 1253 583 1325 quitata
608 1253 752 1307 vuluntate
775 1249 859 1322 positi
876 1249 903 1302 in
927 1248 990 1320 lege

190 1350 401 1421 praeceptorum
430 1340 545 1397 Domini
568 1341 719 1407 attributam,
751 1340 778 1393 id
806 1342 849 1393 est
873 1353 992 1410 promo-

190 1439 295 1492 ventur
310 1435 338 1488 iu
355 1433 409 1486 liae
424 1432 487 1501 lege
501 1430 658 1483 secundum
681 1427 924 1500 perseverantiam
950 1443 993 1480 ns·

1040 452 1202 522 exponitur.

1076 539 1147 602 Ouia
1158 539 1268 593 dixerat
1277 539 1376 594 beatos
1387 557 1447 593 esse
1458 543 1505 611 qni
1518 538 1655 594 errabutant
1668 542 1695 594 io
1706 540 1763 610 tepe
1788 540 1843 594 Do·

1039 629 1116 688 mini,
1131 632 1224 697 posset
1235 628 1336 699 aliquis
1352 629 1426 682 male
1439 628 1601 700 intelligens
1617 628 1726 684 inlerre
1741 646 1747 683 :
1771 630 1842 700 Ergo

1040 715 1061 768 si
1076 715 1239 786 qirlcunque
1255 716 1406 770 ambulans
1422 717 1450 769 in
1471 718 1534 788 lege
1561 717 1770 772 mandatorum
1788 717 1842 772 uo-

1040 803 1112 858 mini
1125 807 1167 857 est
1178 805 1287 870 beatus,
1299 805 1386 858 etiam
1400 807 1448 876 qui
1460 813 1604 876 operentur
1619 808 1806 878 iniquitatem,
1819 807 1839 860 si

1040 891 1075 945 ad
1092 892 1194 946 birram
1212 892 1240 946 in
1263 894 1413 963 praeceptis
1440 894 1555 948 Domini
1586 896 1750 962 ambulent,
1779 899 1843 950 suat

1041 979 1136 1033 beati?
1150 981 1228 1051 quud
1243 981 1280 1035 sic
1296 985 1442 1036 removet:
1460 980 1548 1049 Beati,
1566 984 1697 1054 inquam,
1716 987 1765 1054 qui
1786 1002 1841 1037 ern·

1043 1068 1132 1120 beaten!
1144 1071 1170 1121 in
1186 1069 1372 1137 tenebamini}
1390 1074 1556 1140 operatores
1572 1074 1668 1125 autern
1684 1071 1842 1143 iniquitatis

1042 1172 1098 1209 noir
1115 1161 1201 1211 erunt
1215 1158 1300 1211 licati.
1317 1157 1380 1212 rl'on
1391 1161 1459 1210 cuim
1484 1161 1531 1229 pici
1544 1167 1687 1229 operentur
1714 1163 1842 1232 i'nr'puita-

1041 1250 1092 1299 tarn
1108 1246 1298 1312 munientem,
1309 1249 1336 1299 in
1347 1250 1396 1300 vics
1404 1247 1679 1317 ejusambuleecrunt,
1693 1249 1724 1304 id
1735 1254 1777 1304 est
1787 1268 1841 1305 rien

1040 1335 1164 1405 permoti
1180 1335 1290 1388 suntin
1318 1336 1469 1406 praeceptis
1485 1337 1555 1407 cius,
1580 1338 1711 1408 quaene
1726 1339 1843 1392 suntad

1041 1421 1261 1481 beatitudinem.
1278 1423 1340 1477 Non
1354 1422 1421 1477 dicit
1434 1423 1481 1494 qui
1496 1425 1605 1494 operati
1623 1429 1691 1478 suut
1707 1425 1843 1498 iniquita-

190 1543 245 1597 que
261 1521 403 1587 innuen,
428 1519 465 1574 ad
480 1517 696 1573 similitudinem
714 1517 788 1571 illius
812 1515 859 1587 qrri
885 1514 921 1568 ad
939 1515 993 1568 boc
1044 1512 1352 1583 tenretresipuerunt‚
1375 1513 1487 1584 sedqui
1514 1518 1734 1583 perseueranter
1756 1535 1843 1588 usqne

190 1607 474 1678 ambulatutaliquo
501 1605 659 1678 perveniat,
675 1608 703 1658 ct
719 1605 756 1658 ibi
776 1603 911 1675 quiescat.
937 1601 992 1654 No·
1043 1598 1214 1653 iamnrtem
1231 1601 1843 1676 opici·rnitur.Congrucnimiramdicitope·

190 1700 312 1757 tandum
330 1697 418 1771 quod,
434 1713 497 1750 curn
516 1694 642 1766 posuerit
654 1692 831 1757 inemendati,
856 1708 914 1744 uun
928 1684 1028 1759 sup-B
1041 1690 1152 1741 ratores
1180 1689 1337 1760 iniquitatis
1352 1707 1411 1743 non
1426 1690 1588 1746 ambulasse
1604 1692 1633 1746 in
1649 1693 1702 1747 riis
1719 1695 1843 1748 tlninini.

188 1788 270 1861 punit
296 1790 323 1840 in
348 1789 392 1840 cia
415 1784 451 1838 ad
481 1781 686 1846 ditl'erentiam,
703 1780 752 1833 sed
769 1780 804 1834 ad
824 1780 877 1833 bue
895 1781 925 1830 ut
940 1778 991 1830 du·
1043 1775 1114 1829 Cunr
1131 1775 1259 1830 enimait
1276 1776 1377 1831 buram
1388 1779 1461 1832 bene
1472 1781 1734 1848 operatisunt,n0n
1746 1786 1845 1836 tainica

191 1879 264 1942 ecat,
281 1876 359 1947 qaod
385 1873 479 1927 nullus
493 1886 558 1924 t'ct'e
583 1868 785 1923 irnrnacntatus
809 1883 868 1921 csse
883 1869 991 1936 potest,

190 1965 244 2020 nisi
258 1964 365 2037 positus
380 1963 418 2015 sit
441 1965 468 2014 in
497 1962 550 2012 cio.
579 1959 649 2011 Ecce
666 1958 692 2010 in
710 1957 763 2010 boc
785 1972 866 2010 uersu
892 1937 993 2023 470

189 2057 284 2108 actum
303 2056 344 2105 est
360 2051 395 2104 de
423 2064 536 2103 morum
559 2045 756 2111 instructione,
780 2061 831 2116 per
853 2039 992 2114 quemad

192 2140 402 2196 lieatitndinem
417 2136 593 2208 pervcnitur.
610 2134 751 2188 decenno
766 2131 833 2204 qnia
851 2132 944 2184 nultus
956 2128 993 2182 ad

189 2229 397 2284 beatitudinem
407 2225 531 2297 perfecte
541 2223 687 2295 persolani
698 2220 892 2276 moralitatem
901 2219 995 2289 potest

132 2333 135 2337 ’
190 2318 344 2389 attingere,
360 2315 396 2370 ad
412 2312 597 2368 scrutandum
610 2308 914 2365 testimouiadiriuaet
929 2323 995 2360 con-

191 2406 415 2477 templationem
427 2401 553 2467 instruit,
568 2416 634 2453 cum
658 2399 696 2452 sie
707 2398 800 2452 addit:
818 2396 897 2451 Beati
910 2397 996 2450 eriint

195 2493 235 2548 illi
247 2495 328 2564 qrtiin
341 2494 385 2545 eiu
401 2489 569 2544 immaculati
582 2486 745 2553 existentes,
761 2485 790 2538 in
818 2485 873 2552 lege
884 2481 997 2536 Domini

189 2581 382 2642 ambulantes,
392 2595 450 2633 non
464 2581 530 2632 sunt
541 2575 653 2630 desides
662 2572 910 2644 adinquirendum
920 2571 996 2626 testi-

183 2670 293 2741 monia
322 2669 394 2739 ejus,
424 2666 474 2720 sed
489 2668 646 2719 scrutantur
658 2665 806 2717 testimonia
821 2661 886 2731 ejus,
904 2660 932 2713 id
954 2662 996 2713 cst

189 2759 344 2830 diligenter
358 2756 544 2828 inquiruntut
555 2753 672 2824 mystice
684 2750 996 2822 intelligentpreeccpta

1043 1866 1070 1916 io
1089 1867 1136 1916 elis
1150 1867 1208 1934 ejas
1218 1865 1430 1920 frisiorum-enm.
1447 1866 1510 1921 Non
1523 1871 1592 1920 elsim
1608 1869 1635 1920 in
1647 1872 1696 1921 ciis
1710 1871 1773 1938 ejus
1784 1888 1845 1924 airi-

1044 1954 1142 2006 bulare
1158 1953 1301 2015 dicuntur,
1319 1955 1372 2008 nisi
1386 1956 1433 2025 spui
1449 1973 1514 2010 curn
1531 1959 1747 2027 perseverantia
1759 1977 1847 2030 usqne

1043 2041 1071 2093 in
1088 2040 1175 2094 ssncrn
1195 2043 1268 2095 berre
1285 2047 1451 2112 operantur,
1482 2062 1548 2098 cirin
1579 2052 1731 2101 retunsoat
1755 2049 1794 2103 ab
1809 2051 1848 2101 eis

1044 2128 1191 2182 arribulurc
1206 2130 1233 2183 in
1250 2131 1299 2184 riis
1313 2132 1436 2199 Domini,
1449 2134 1526 2203 quod
1541 2150 1626 2188 eausa
1641 2139 1685 2189 est
1697 2136 1850 2191 beatitudi-

1044 2216 1098 2282 nis,
1122 2219 1235 2271 constat
1250 2221 1278 2271 et
1294 2219 1328 2274 de
1345 2220 1507 2275 runcatione
1531 2223 1727 2277 beatitudinis.
1746 2223 1848 2278 Osten-

1045 2304 1086 2357 dit
1100 2309 1194 2359 autem
1210 2306 1287 2376 qrrnd
1303 2323 1360 2360 non
1377 2309 1587 2363 ambulaverint
1602 2311 1704 2381 inlegc
1721 2313 1849 2381 Denaini,

1045 2410 1109 2447 curn
1134 2395 1172 2448 sie
1186 2394 1279 2447 addit:
1311 2395 1381 2449 Vere
1404 2413 1456 2449 nori
1480 2397 1684 2453 attitulaverant
1712 2409 1850 2471 operantes

1045 2483 1247 2552 ini'quitalemin
1263 2485 1310 2535 riis
1325 2483 1388 2550 tuis,
1405 2483 1538 2547 Doniinc,
1553 2487 1619 2557 quia
1635 2504 1693 2542 non
1709 2489 1849 2543 custodie

1045 2574 1115 2624 runt
1131 2574 1208 2625 ruinis
1224 2572 1351 2626 rotundato
1367 2580 1422 2639 tite,
1439 2578 1466 2628 et
1496 2577 1589 2630 nullus
1605 2576 1633 2630 in
1649 2577 1702 2632 viis
1715 2578 1775 2632 tuis
1790 2596 1847 2632 arrr-

1046 2659 1125 2712 bulat
1141 2659 1192 2713 nisi
1211 2659 1258 2731 qni
1272 2663 1351 2714 m'nu's
1365 2662 1488 2717 custodit
1503 2663 1629 2717 rrrerndata
1645 2672 1703 2720 trac.
1720 2667 1846 2720 Tueatur

1045 2748 1089 2801 eui
1103 2747 1297 2804 obediendum
1314 2753 1365 2816 cst,
1382 2751 1429 2821 qni
1452 2751 1520 2805 nitrit
1548 2754 1679 2825 pincipis
1695 2755 1751 2808 nisi
1775 2755 1848 2826 quod

190 2848 262 2919 ejus,
279 2862 342 2917 qun
357 2844 478 2900 obscura
492 2846 567 2896 sunt.
585 2843 614 2894 ct
637 2856 689 2911 per
703 2839 855 2912 parabolas
877 2841 906 2891 et
928 2835 997 2889 eni-
1042 2835 1153 2906 justum
1171 2839 1223 2903 cst,
1238 2837 1284 2908 qui
1303 2854 1361 2892 non
1377 2838 1545 2893 obedientes
1557 2840 1606 2894 tibi
1617 2841 1695 2911 juste
1709 2842 1846 2897 damnare

189 2938 290 3008 gmata
304 2934 389 2999 data;
415 2949 478 3004 quae
503 2929 670 2985 testimonia
694 2928 838 2993 dicuntur,
855 2943 889 2980 eu
918 2922 995 2995 quod
1011 2928 1136 3018 Cputes,
1153 2925 1287 2978 rriandusti
1298 2926 1424 2980 rnaoidate
1436 2933 1492 2993 trie,
1509 2944 1572 2998 qun
1588 2933 1655 2982 sunt
1670 2929 1723 2984 rice
1734 2929 1772 2984 ad
1785 2931 1846 2985 bea-

190 3021 578 3096 compteutibusvitam,non
590 3017 800 3090 complentibus
810 3020 908 3069 autem
920 3031 997 3069 mor·
1046 3013 1210 3080 titudinem,
1225 3013 1390 3068 carstoaloatiei
1404 3017 1492 3080 m'nn‘s,
1507 3016 1534 3070 id
1550 3020 1592 3070 est
1608 3018 1749 3085 multum,
1774 3019 1847 3073 ride·

192 3117 251 3167 tem
260 3111 337 3182 juste
361 3105 559 3163 damnationis
575 3104 774 3158 testificantur.
791 3101 916 3158 scrutari
937 3100 997 3172 qui-

194 3201 261 3255 dem
278 3196 450 3253 testimonia
461 3194 565 3250 attinet
580 3193 617 3247 ad
632 3191 785 3263 mysticum
802 3194 830 3245 et
847 3190 997 3262 physicum

194 3287 383 3342 intellectum.
407 3283 497 3350 Beati,
512 3284 644 3356 inquam,
658 3283 706 3352 qui
714 3286 866 3333 scrutentur
882 3281 996 3331 testimo·

192 3379 239 3430 m'a
256 3375 321 3445 ejas,
342 3375 370 3428 ct
399 3391 416 3426 a
436 3371 668 3427 testimoniorum
694 3371 867 3422 scrutatione
888 3366 924 3420 ad
943 3366 998 3420 boc

195 3463 353 3517 ascendunt
368 3459 445 3532 quod
461 3461 602 3531 eequirant
614 3475 675 3512 erim
691 3454 931 3528 contemplationi
947 3470 994 3508 ra·

186 3550 300 3629 tuendo,
316 3553 344 3604 et
354 3549 402 3602 tec
417 3550 446 3604 in
461 3553 514 3600 toto
527 3547 613 3608 corde.
626 3545 654 3599 id
668 3544 751 3599 estin
772 3545 833 3598 tota
846 3542 998 3597 allectione

196 3638 301 3707 cordis,
317 3634 578 3708 scilicetqui‚omni
591 3632 999 3690 seculariumbonorumeura

197 3725 370 3801 posthabita,
386 3724 438 3780 soli
454 3725 512 3779 Deo
524 3739 576 3794 per
590 3720 865 3792 contemplationem
875 3719 998 3784 inhiant,

197 3833 257 3870 eum
269 3816 361 3870 solum
374 3816 434 3868 tote
446 3811 539 3867 cordis
550 3811 836 3882 allectucequiruntet
851 3809 998 3878 exoptant.

199 3903 248 3957 Vel
257 3904 401 3975 exquirant
426 3917 497 3963 eitra,
512 3899 539 3954 id
551 3900 594 3952 est
605 3899 666 3969 ejus
677 3896 867 3951 secretissima
883 3910 998 3961 arcana,

198 3994 285 4044 inloto
298 3988 385 4055 corate,
402 3988 521 4048 scilieet,
534 3985 689 4057 exquirunt
699 3985 727 4039 in
736 3989 796 4039 tota
808 3984 901 4038 cordis
917 3983 1000 4037 allec-

199 4077 276 4132 tione
293 4077 403 4132 eeeulta
417 4079 527 4130 secretu
541 4073 697 4128 divinitatis
711 4073 782 4144 ejus.
800 4072 846 4126 Vel
857 4073 1000 4127 sieversus

197 4165 250 4220 iste
265 4164 369 4234 tegitur
383 4166 414 4217 ut
429 4161 633 4217 determinatio
643 4161 688 4214 bic
699 4158 886 4232 sitquomodo
901 4159 1000 4214 adbuc

1046 3101 1112 3154 licet
1126 3118 1189 3155 cnm
1207 3101 1356 3173 dilgentia
1369 3105 1398 3156 ct
1412 3105 1635 3174 perseverentia,
1653 3122 1712 3160 nun
1728 3123 1847 3161 eumne·

1047 3191 1195 3261 gligentia.
1207 3211 1222 3242 a
1237 3190 1400 3244 Maledictus
1414 3193 1492 3246 enirn
1504 3193 1592 3248 bomo
1608 3194 1658 3263 qui
1671 3194 1848 3268 leceritjupus

1048 3279 1163 3336 llomini
1184 3279 1366 3350 negligenter
1377 3280 1444 3350 (lec.
1464 3297 1557 3348 xcviii,
1572 3284 1625 3343 roi.
1642 3282 1790 3346 Quoniam
1804 3301 1848 3338 au-

1049 3372 1108 3421 tem
1124 3367 1253 3421 tldctinm
1270 3367 1411 3434 collectio,
1428 3385 1491 3438 qun
1502 3369 1547 3423 bie
1561 3370 1632 3440 agit,
1647 3371 1776 3425 arduum
1793 3387 1847 3425 csse

1047 3456 1183 3509 humanae
1195 3454 1341 3525 fragilitati
1357 3458 1504 3525 cognoscit
1520 3458 1660 3512 mandata
1676 3460 1795 3514 Domini
1806 3476 1849 3513 cu-

1049 3543 1156 3598 stodire
1171 3545 1262 3611 nirnis,
1281 3547 1345 3598 orat
1360 3549 1388 3598 et
1410 3549 1491 3616 optat
1508 3548 1538 3598 ut
1556 3544 1593 3599 ad
1608 3562 1642 3600 ea
1664 3546 1852 3603 custodienda

1049 3637 1099 3688 eie
1114 3634 1175 3704 ejus
1188 3651 1204 3689 a
1218 3634 1510 3704 Boniinoetiriyantur,
1525 3639 1554 3690 ct
1573 3653 1625 3707 per
1638 3637 1693 3691 hoc
1706 3638 1852 3692 auditores

1050 3739 1132 3777 orere
1148 3722 1315 3777 similitcret
1329 3725 1429 3793 optare
1442 3724 1566 3791 instruit,
1578 3724 1709 3779 cnmlroc
1721 3726 1800 3782 idem
1815 3726 1852 3779 eis

1050 3810 1172 3865 ecdicum
1203 3810 1299 3877 luerit,
1319 3811 1515 3881 boccrgosic
1535 3812 1616 3867 dicit:
1647 3813 1702 3882 Tu,
1735 3814 1850 3885 inquam

1049 3898 1183 3952 crorrnalesti
1208 3898 1335 3952 mandata
1367 3907 1412 3953 tuu
1439 3901 1568 3954 aristotelici
1596 3902 1686 3955 retritis.
1706 3888 1794 3973 471
1823 3903 1851 3955 Et

1050 3987 1127 4058 qnia,
1142 3987 1350 4052 llominc,cum
1366 3988 1421 4042 hec
1436 3988 1557 4042 arduum
1571 3989 1615 4054 sit,
1634 3989 1669 4042 ad
1684 3990 1741 4044 liae
1750 4006 1802 4061 per
1810 4005 1851 4045 me

1049 4071 1188 4145 fragilitas
1202 4090 1267 4129 nien
1279 4075 1410 4129 sultrcere
1420 4076 1785 4148 nequit,opto,lloruine,et
1794 4095 1850 4133 oro.

1089 4163 1197 4217 t'timrm
1212 4165 1263 4218 n'ae
1273 4163 1377 4228 ›neae,id
1390 4167 1432 4217 cst
1443 4164 1678 4235 atl'eetiones,per
1692 4183 1767 4238 quas
1781 4168 1853 4237 cogi·

198 4253 310 4325 aliquis,
327 4256 358 4306 ut
374 4249 629 4315 immaculatussit,
645 4248 741 4302 valeat
751 4247 900 4303 devenire:
911 4249 1000 4316 Beati,
1014 4230 1039 4289 Ῑ)
1052 4251 1139 4306 tando
1156 4250 1270 4304 animus
1281 4267 1360 4306 mare
1375 4251 1485 4305 viarum
1500 4251 1618 4320 incedit,
1638 4270 1707 4324 qum
1726 4255 1779 4309 eice
1798 4273 1852 4310 nen

197 4342 328 4415 inquam,
344 4338 519 4394 immaculati.
534 4338 687 4401 Utautem,
704 4352 720 4391 o
734 4336 889 4398 auditores,
906 4340 1001 4391 imino-

198 4431 283 4485 culati
295 4430 365 4497 sitis,
379 4425 548 4482 scrutamini
575 4428 725 4480 testimonia
751 4425 816 4495 citis,
834 4428 863 4479 et
881 4426 920 4479 sic
936 4443 1002 4481 cnm

199 4519 317 4573 denium
343 4521 369 4571 in
384 4514 525 4571 totocorde
539 4515 688 4586 exquirite.
707 4511 787 4567 Beati
810 4513 889 4568 enim
907 4518 1002 4583 ertrnt,

198 4612 245 4681 qui
259 4612 289 4661 ut
315 4605 484 4662 irnrnacutati
495 4604 561 4670 sint,
582 4610 735 4658 scrutantur
759 4605 908 4656 testimonia
935 4604 1002 4672 ejus,

199 4696 228 4751 id
245 4697 287 4750 est
303 4695 456 4765 diligenter
470 4693 499 4746 in
520 4691 632 4746 ratione
653 4707 704 4744 sna
720 4690 903 4746 considerant
916 4693 1003 4745 testes

199 4785 302 4857 ejus,id
319 4780 545 4853 estangetosqui
555 4779 729 4834 fidelibusad
741 4795 789 4835 eos
799 4777 1003 4834 custodiendos

199 4876 286 4930 alteo
302 4870 429 4944 deputati
446 4872 529 4936 sunt;
559 4867 607 4939 qui
634 4867 721 4922 ctiam
739 4867 869 4922 ernistum
887 4871 1002 4922 actuum

197 4948 301 5018 'eorum
317 4964 376 5015 tam
389 4959 533 5014 lionorum
546 4972 632 5027 quarn
645 4956 789 5010 malorum
812 4959 897 5011 testes
913 4956 941 5009 in
957 4956 1002 5010 die

194 5051 297 5123 judicii
307 5051 404 5114 crunt,
419 5045 472 5102 nisi
486 5045 672 5116 illorumque.
688 5061 740 5115 per
753 5044 951 5117 paonitentiam
961 5061 1003 5098 re·

198 5129 361 5198 mittentur.
383 5135 465 5200 Quod
480 5138 523 5189 est
550 5134 660 5189 dicere:
687 5133 729 5187 ltli
744 5132 821 5187 lieeti
838 5137 933 5199 crunt,
953 5133 1002 5204 qui

199 5247 266 5287 cum
284 5245 301 5283 a
321 5223 554 5297 suggestionibus
567 5222 673 5279 illicitis
687 5225 858 5293 urgeantur,
875 5224 1002 5278 celestes

196 5318 314 5392 spiritus
325 5319 412 5371 testes
426 5317 542 5369 actuum
558 5329 677 5367 suorum
689 5312 801 5368 tuturos
812 5329 872 5366 esse
883 5328 940 5366 non
952 5312 1002 5366 dn-

196 5409 331 5470 bitantes,
358 5420 392 5457 ca
407 5401 578 5457 occasionea
592 5401 675 5454 rnatis
689 5399 824 5472 operibus
835 5399 1003 5457 desistentes

195 5484 375 5585 {inmaculati
391 5505 452 5547 esse
467 5491 611 5566 satagunt.
639 5488 672 5544 Et
686 5487 732 5546 nie
757 5489 783 5542 io
800 5493 853 5544 toto
868 5488 944 5545 eorde
958 5507 1002 5544 ea-

1052 4342 1118 4392 sunt
1130 4338 1258 4405 directe,
1271 4339 1319 4393 sed
1336 4338 1372 4392 ad
1385 4339 1533 4395 saecularia
1549 4356 1650 4411 pronae
1666 4346 1696 4395 et
1714 4342 1853 4410 distorte,

1052 4427 1204 4497 dirigantur
1219 4444 1235 4481 a
1250 4431 1286 4493 te,
1304 4426 1332 4481 id
1349 4432 1393 4481 cst
1412 4427 1525 4482 directe·
1540 4430 1610 4483 bant
1630 4433 1658 4483 et
1680 4431 1717 4484 ad
1732 4433 1855 4487 coelestia

1053 4516 1276 4570 eorrsiderentcs.
1293 4515 1352 4582 Vel,
1364 4515 1560 4586 attenuatione
1575 4521 1617 4572 est
1628 4526 1856 4589 promoreantur

1054 4604 1089 4659 de
1105 4605 1181 4660 burro
1195 4605 1224 4659 in
1242 4604 1353 4671 metius,
1365 4607 1394 4658 et
1413 4605 1466 4658 lroc
1478 4606 1512 4659 art
1525 4606 1711 4663 custodiendas
1723 4610 1856 4679 justifica-

1053 4695 1136 4747 tiones
1151 4701 1219 4751 tnas.
1236 4692 1264 4746 id
1284 4696 1326 4747 cst
1341 4692 1378 4747 ad
1389 4693 1442 4748 boc
1456 4693 1668 4764 dirigantur,ut
1683 4697 1797 4767 possim
1812 4716 1855 4754 cu·

1052 4780 1198 4846 studire,id
1207 4785 1319 4835 estcum
1332 4783 1546 4852 perseverantia
1558 4785 1706 4853 complere
1719 4788 1856 4843 mandata

1053 4874 1111 4936 tera,
1128 4886 1191 4940 quer
1203 4869 1422 4940 justificationes
1435 4870 1578 4938 dicuntur,
1594 4888 1628 4926 eo
1653 4874 1737 4944 quod
1769 4892 1855 4931 eausa

1052 4957 1109 5011 sint
1124 4974 1212 5028 queue
1228 4975 1327 5013 eorum
1342 4959 1534 5030 conrplctorcs
1543 4960 1752 5030 justificentur.
1767 4966 1856 5019 lnnui·

1052 5048 1098 5099 tur
1113 5049 1210 5100 autem
1226 5063 1258 5099 er
1275 5063 1355 5101 versu
1371 5047 1514 5118 sequenti.
1528 5047 1604 5119 quod
1620 5049 1670 5102 hic
1687 5049 1851 5125 intelligen-

1052 5133 1169 5188 dnmest
1178 5134 1315 5205 (pilonium
1324 5134 1369 5188 bic
1384 5135 1695 5191 decnstodiaomniurn
1707 5142 1856 5196 nrarrdate

1052 5240 1118 5279 rurn
1135 5224 1191 5277 uult
1208 5223 1339 5296 intelligi.
1352 5224 1525 5292 Deleantar,
1543 5226 1673 5297 inquam,
1689 5230 1741 5283 riae
1752 5232 1857 5286 mereari

1052 5311 1233 5366 cirstoalicrutes
1248 5329 1337 5366 orienes
1346 5313 1555 5382 justificationes
1567 5322 1637 5371 tutis.
1656 5316 1746 5379 Qirod
1762 5321 1785 5374 si
1801 5320 1856 5374 luc·

1052 5401 1090 5456 rit
1117 5404 1147 5454 nt
1161 5400 1334 5472 dirigentur,
1351 5410 1413 5457 toric
1428 5418 1482 5457 oon
1497 5401 1660 5471 confundar,
1693 5405 1723 5460 id
1742 5414 1787 5464 est
1802 5425 1856 5464 aaa

1053 5489 1230 5562 erubescam,
1247 5489 1296 5547 sel
1313 5491 1444 5572 letabor,
1457 5507 1517 5549 cirin
1525 5507 1680 5567 perspercro
1696 5511 1748 5553 ene
1760 5513 1824 5555 ezse
1833 5500 1860 5572 in
