3772 5970
107 302 175 360 1009
582 302 761 362 uxPosnvo
779 305 814 360 IN
832 302 1000 363 PShbbeS.
1011 337 1048 348 -
1066 301 1165 362 esai..
1187 301 1286 361 Lilifill
1697 309 1767 365 foto

103 424 133 479 id
154 428 198 479 est
219 425 382 496 potentiam
399 427 490 493 tuam,
509 424 538 480 in
552 410 637 497 281
659 427 793 496 snper-dics
816 443 908 480 eornm
920 423 946 479 A
958 428 1044 499 regis.
1059 427 1142 492 Qnrvd
1161 428 1259 499 utiquo
1274 427 1297 481 si
1308 427 1436 494 scissent,
1453 445 1603 499 cruraquam
1621 430 1657 483 de
1673 447 1707 484 ea
1723 449 1767 484 sn-

104 511 321 582 deprimendas.
337 514 370 567 Et
384 514 439 568 hoc
454 515 482 566 in
496 514 587 582 liccem,
604 513 632 568 id
654 518 697 568 est
720 514 749 568 in
772 530 906 569 consum·
957 517 1131 590 perbissent.
1148 518 1335 572 Demonstrat
1351 533 1417 571 vern
1433 518 1602 587 apartibus,
1621 520 1769 590 quomodo

104 601 277 655 mationem.
294 600 375 665 Quod
391 604 432 655 est
441 600 536 655 dicere
552 601 648 657 :adeo
658 602 817 674 potentiam
828 606 907 657 tuam
958 608 985 659 in
1000 614 1091 658 euraclo
1104 604 1256 677 malignati
1272 608 1348 670 sunt,
1365 622 1432 659 cum
1460 605 1539 660 addit
1554 622 1561 659 ε
1575 606 1646 660 Vero
1662 609 1688 659 in
1704 623 1768 662 san·

103 705 190 760 super
204 707 253 744 cos
266 690 360 744 exalta
375 692 405 744 ut
421 706 521 744 eorum
538 690 686 761 superbias
708 708 741 746 cx
760 695 819 746 toto
836 707 906 745 con·
957 698 998 745 cto
1015 693 1166 763 rnaligunti
1183 696 1259 759 sunt,
1277 710 1345 748 nam
1357 693 1507 763 ina'rtqnnm
1519 693 1635 748 matitire
1647 695 1767 749 tenden-

104 796 211 833 sumas.
837 786 841 792 ’
957 780 1011 845 tes,
1026 780 1054 834 id
1070 783 1113 834 est
1123 780 1264 835 incudem
1278 780 1454 852 cogitatione
1466 781 1767 836 caroloconcordantcs.

140 866 272 922 Ostendit
285 870 383 922 autem
394 871 489 940 partes
499 884 599 925 earum
612 868 822 939 superbiarum,
837 885 905 924 cum
992 868 1163 924 deciderunt
1178 869 1311 923 securibus
1326 869 1428 939 januas
1446 869 1503 940 ejus
1522 868 1636 941 templi,
1652 870 1730 940 qnasi
1742 872 1768 923 in

104 954 203 1011 addit:
216 955 287 1010 Vere
295 955 348 1028 ipsi
360 955 508 1027 superbias
516 957 689 1021 habuerunt,
701 974 770 1012 nam
780 959 906 1012 inimicus
958 955 1023 1011 siloa
1035 958 1170 1027 tr'qnorurn
1182 959 1255 1014 solet
1280 959 1352 1012 fleri.
1381 957 1458 1013 Silva
1479 958 1626 1030 lignorum
1653 956 1769 1030 proprie

103 1043 251 1098 Romanus
267 1045 389 1116 populus
409 1043 462 1099 tibi
489 1045 566 1099 mala
591 1045 648 1099 vita
669 1062 720 1100 sua
741 1045 906 1111 inimicans,
960 1045 1063 1100 dicitur
1078 1063 1114 1102 ea
1126 1064 1191 1118 quae
1204 1046 1240 1101 ad
1255 1047 1310 1101 hoc
1324 1047 1461 1118 deputata
1476 1051 1560 1101 estut
1575 1046 1694 1101 arbores
1709 1046 1770 1116 ejus

103 1134 215 1204 quanta
229 1132 392 1202 motipnotns
405 1139 442 1187 cst
464 1133 498 1189 v'n
518 1140 608 1187 sanctu
627 1136 802 1200 sanctorum,
818 1132 848 1187 id
868 1135 910 1186 est
959 1134 1153 1190 succidantur.
1171 1135 1232 1190 lion
1248 1138 1279 1188 ut
1292 1135 1464 1190 defendatur
1476 1134 1512 1189 ad
1520 1153 1592 1207 opus
1608 1151 1720 1208 pascum
1732 1135 1771 1188 lc·

104 1237 194 1292 quarn
210 1237 332 1292 rnaguas
345 1220 469 1276 malitias
483 1220 510 1275 in
527 1225 625 1276 sancto
642 1223 750 1294 templo
765 1226 813 1277 tuo
829 1238 911 1276 eaer—
960 1238 1072 1278 rarum.
1089 1223 1214 1278 Arbores
1229 1223 1307 1278 enim
1317 1223 1424 1289 incisae,
1440 1223 1519 1294 ligna
1532 1223 1676 1278 dicuntur.
1688 1223 1768 1287 Quod

104 1309 172 1364 cuit.
183 1308 321 1364 Sanctum
337 1311 503 1364 sauctorum
513 1307 635 1364 interior
644 1309 819 1381 paratempli
830 1309 910 1365 dice·
961 1314 1004 1365 est
1016 1311 1112 1366 dicere
1128 1311 1212 1366 :Sine
1225 1312 1387 1366 reverentia
1397 1312 1525 1383 qualibet
1533 1312 1637 1382 januas
1646 1311 1706 1382 ejus
1719 1327 1766 1364 ex·

104 1398 201 1466 batur,
211 1414 299 1469 quam
310 1399 386 1453 solus
393 1397 616 1470 pontifexsemel
627 1397 656 1453 in
665 1414 742 1453 anno
751 1414 817 1452 cnm
826 1397 912 1453 sacri·
962 1399 1106 1467 ciderunt,
1123 1399 1195 1455 sicut
1207 1399 1268 1454 sine
1278 1401 1439 1455 reverentia
1450 1399 1518 1454 silva
1528 1398 1769 1471 lignornmsucci·

104 1483 514 1558 ffeiisiulrabat,potestetiam
523 1489 618 1542 totum
627 1487 768 1559 templum
779 1489 911 1541 sanctum
963 1487 1050 1544 ditur.
1064 1490 1117 1543 Per
1128 1488 1301 1543 excisionem
1307 1488 1476 1559 januarum,
1485 1504 1548 1560 quae
1557 1481 1649 1559 magiis
1659 1491 1769 1542 ornata

106 1572 913 1647 dici,eoquoddedicatumesset,licetabindignisculto·
962 1581 1060 1648 partes
1071 1576 1173 1648 templi
1189 1580 1282 1644 eraut,
1300 1577 1395 1631 innuit
1408 1593 1523 1648 quoquc
1543 1575 1766 1631 destructionem

105 1663 602 1735 ribusfrequentaretur.Nonsolum
610 1680 676 1719 vero
686 1664 837 1735 malignati
845 1666 913 1719 sunt
963 1666 1085 1720 aliarum
1102 1665 1240 1737 partium.
1257 1664 1375 1736 Antiqui
1388 1680 1514 1735 namque
1532 1664 1624 1735 magis
1637 1664 1666 1718 iu
1680 1664 1769 1734 portis

105 1751 156 1807 sed
170 1751 280 1822 pluriati
287 1759 349 1806 erint
360 1753 395 1807 de
413 1752 523 1807 malitia
536 1753 640 1823 suaqui
652 1751 763 1806 oderunt
772 1759 805 1806 te.
818 1753 911 1806 Denc·
924 1741 950 1800 Β
962 1752 1139 1809 aedificandis
1154 1753 1318 1820 studebant,
1328 1756 1356 1807 et
1366 1770 1423 1808 nou
1436 1753 1529 1807 solum
1541 1751 1770 1817 exciderunt‚sed

105 1841 203 1912 gando
214 1842 322 1895 cultum
333 1840 384 1895 fibi
402 1841 543 1909 debitum,
558 1843 587 1896 et
598 1856 706 1895 nomen
721 1843 803 1895 tuum
816 1839 911 1895 delere
962 1842 1050 1899 etiam
1065 1842 1227 1913 dejecerunt,
1240 1842 1269 1896 id
1285 1846 1330 1896 est
1344 1844 1561 1915 prostraverunt
1574 1858 1621 1896 eas
1628 1839 1732 1911 januas
1742 1842 1770 1893 in

105 1928 265 1999 cupientes,
274 1928 397 1984 Romani
404 1928 519 1997 scilicet,
531 1932 559 1984 in
569 1930 655 1984 aredio
669 1929 844 1985 solemnitatis
861 1935 912 1982 niae
960 1933 1048 1987 securi
1060 1939 1085 1986 et
1096 1935 1177 1999 nscia,
1195 1931 1224 1986 id
1235 1935 1277 1986 est
1288 1931 1316 1985 in
1327 1929 1510 2003 percussione
1524 1930 1630 1984 securis
1640 1928 1767 1984 etaseioe.

103 2017 257 2091 paschalis,
269 2016 299 2072 id
309 2021 352 2072 est
362 2017 391 2072 in
402 2018 537 2074 omnibus
547 2017 911 2090 diebussolemuitatispas-
961 2021 1016 2076 Per
1025 2021 1085 2077 lroec
1094 2005 1193 2091 282
1207 2021 1275 2087 duo,
1287 2019 1386 2075 omnia
1400 2018 1648 2074 ferramentorum
1661 2033 1770 2088 genera

105 2105 912 2177 chalis,quamlicetindigne,tameninhonoretuocete-
962 2109 1104 2182 designat.
1120 2109 1191 2163 Cum
1207 2126 1274 2164 vcro
1291 2109 1374 2181 ponit
1388 2110 1419 2163 in
1434 2108 1517 2172 ascio,
1529 2106 1768 2178 innuitquantam

106 2192 192 2249 brace
205 2211 234 2249 se
250 2196 433 2265 putaverunt.
450 2194 575 2268 ideoque
588 2197 637 2250 tua
648 2195 761 2260 dicitur,
777 2193 855 2266 quod
868 2195 912 2248 est
961 2198 1116 2254 habuerint
1134 2199 1275 2269 tempium
1300 2197 1466 2253 destruendi
1487 2198 1675 2251 voluntatem.
1698 2195 1769 2249 Cum

106 2282 408 2339 dicerettiloriatisuut
418 2284 541 2339 Romani
552 2283 911 2355 desuaobsidioncctpcr-
963 2286 1033 2342 illud
1048 2304 1120 2358 opus
1134 2288 1246 2354 fabrile,
1262 2287 1337 2358 quod
1348 2285 1532 2340 ferramentis
1547 2284 1661 2356 magnis
1672 2283 1769 2338 delere

106 2371 263 2438 θθθῑῑῑῑῠῦθ,
280 2374 309 2426 ei
319 2372 372 2425 h⁰⁰
383 2372 420 2426 ad
433 2371 625 2427 ίῡῑθῑῑῑίθῦθῐῐῑ
636 2371 693 2426 0ᾶῆ
703 2374 732 2425 θῑ
744 2371 913 2442 ῑὲὓθῐῐῑὶΰῑᾶὶ
964 2394 1022 2432 non
1035 2380 1180 2449 poterant,
1196 2376 1271 2431 ascia
1285 2379 1313 2430 ct
1328 2374 1513 2430 ferramentis
1527 2374 1588 2428 aliis
1612 2372 1705 2445 parvis
1720 2373 1769 2427 de-

106 2462 173 2515 tuae.
191 2460 306 2532 Legitur
322 2477 447 2531 namque
464 2460 542 2532 quod
557 2455 625 2532 quia
648 2459 677 2514 in
700 2460 808 2514 Pascha
821 2459 912 2514 Judaei
963 2464 1073 2521 lebant.
1088 2466 1121 2519 Et
1138 2482 1197 2520 non
1212 2466 1305 2520 solum
1317 2463 1484 2534 dejecerunt
1491 2463 1605 2534 januas,
1620 2461 1669 2516 scd
1682 2463 1769 2516 incen-

106 2548 628 2614 DominumJesumcrucifuerunt,iu
639 2545 858 2619 quadragesimo
869 2565 913 2602 se·
963 2553 1060 2608 deraret
1074 2554 1134 2623 iqui
1154 2556 1338 2608 sanctuarium
1358 2560 1434 2606 torem
1449 2553 1475 2605 in
1500 2559 1571 2606 terra
1588 2550 1724 2623 positum,
1740 2548 1770 2603 id

107 2637 201 2693 cundo
213 2654 288 2691 anne
297 2639 362 2706 post
370 2636 483 2691 Domini
497 2635 708 2709 passionem,in
718 2636 913 2691 Paschaallo-
964 2646 1008 2697 est
1021 2644 1162 2714 templum
1179 2642 1257 2714 equod
1284 2641 1388 2696 dicitur
1407 2640 1614 2706 sanctuarium,
1637 2655 1671 2694 eo
1692 2637 1768 2710 quod

107 2725 201 2780 manis
219 2724 324 2780 obsessi
340 2725 455 2779 fuerunt
472 2725 592 2796 (tossen.
614 2722 673 2778 Bel.
688 2724 781 2790 lad).
794 2725 828 2778 Et
839 2723 914 2779 sicut
965 2728 994 2784 in
1010 2747 1044 2786 eo
1058 2734 1156 2785 saneta
1171 2730 1405 2796 continebantur,
1421 2746 1488 2784 arca
1501 2729 1617 2794 scilicet,
1627 2726 1768 2781 etcande·
1843 2731 1844 2734 ’

105 2812 415 2869 Judaeiinillofestode
426 2812 540 2868 Domini
558 2816 651 2867 morte
668 2815 734 2867 sunt
758 2811 857 2884 gavisi,
874 2811 914 2866 ita
964 2819 1056 2885 labra,
1067 2821 1209 2874 eicaetera
1223 2819 1299 2873 talia,
1310 2818 1393 2882 Quod
1405 2816 1699 2890 enimsupponit'iyni,
1710 2832 1766 2868 non

108 2900 270 2957 ethomani
281 2901 309 2955 in
326 2899 430 2955 eodem
450 2900 522 2956 festo
538 2901 573 2956 de
598 2916 700 2956 eorum
716 2899 866 2955 obsidione
885 2903 914 2954 et
964 2906 1289 2974 idendicitntsucceadi
1302 2910 1396 2978 posset
1407 2906 1460 2961 nisi
1471 2904 1607 2978 igneae
1622 2904 1658 2960 ad
1677 2907 1770 2958 ostea-

107 2989 307 3063 pevseeutione
319 2991 386 3043 sunt
396 2988 495 3051 letati,
507 2989 584 3061 quod
594 2989 750 3060 superbum
761 2987 910 3042 valdesuil·
924 3018 948 3079 c
964 2996 1075 3050 sionem
1100 2995 1278 3050 vehementis
1294 2994 1468 3050 incensionis
1491 2994 1545 3047 hoc
1570 2992 1714 3064 supponit.
1737 2993 1787 3046 Et.

107 3078 192 3149 Pejus
204 3078 282 3133 enim
296 3082 338 3132 est
353 3082 382 3133 et
396 3079 557 3151 superbius,
577 3078 612 3133 de
629 3077 697 3133 mati
719 3077 912 3149 completione
963 3084 1038 3138 bene
1052 3083 1135 3156 ponit
1148 3083 1344 3151 interranea
1357 3083 1465 3138 (liceret
1479 3099 1485 3136 :
1497 3083 1568 3138 illud
1579 3081 1768 3153 quodinterra

107 3167 234 3239 gaudere
251 3184 338 3239 quam
354 3168 449 3239 ipsum
464 3166 911 3239 malumcomplere.Etnons0-
963 3172 1090 3242 positum
1114 3175 1185 3240 erat,
1207 3170 1321 3226 incendi
1344 3173 1489 3242 potuerat,
1517 3169 1546 3223 in
1569 3167 1675 3223 coelesti
1701 3184 1768 3220 vera

106 3255 168 3310 lum
183 3255 298 3326 gloriati
311 3258 387 3323 sunt,
404 3256 454 3310 sed
470 3255 557 3310 etiam
575 3255 654 3327 quod
669 3255 824 3326 superbum
845 3254 909 3321 fuit,
963 3260 1086 3332 templo,
1096 3259 1174 3331 quod
1187 3261 1301 3330 perhoc
1311 3256 1617 3330 significabatur,uihii
1627 3255 1702 3327 juris
1718 3257 1768 3309 ha·

101 3350 337 3417 posiaemntsnpcr
348 3362 492 3412 suirrmnm,
509 3343 538 3398 id
556 3347 599 3399 est
619 3359 705 3414 super
721 3343 847 3415 aliquem
863 3360 910 3397 ex·
963 3347 1099 3402 buerunt.
1117 3348 1149 3401 Et
1165 3364 1217 3420 per
1231 3347 1286 3404 hoc
1295 3348 1331 3402 ad
1344 3347 1415 3402 illud
1429 3347 1569 3418 templum
1588 3361 1641 3399 nos
1655 3344 1706 3399 niti
1718 3344 1767 3398 ad-

105 3432 215 3487 celsum
231 3433 325 3487 focum
341 3435 475 3504 siqnnsua
492 3451 500 3486 ε
516 3432 599 3504 signa
614 3430 730 3497 scilicet,
748 3430 830 3486 idest
845 3431 913 3485 talia
962 3435 1107 3503 hortatur,
1119 3436 1148 3489 in
1163 3452 1219 3507 quo
1235 3436 1345 3490 nullum
1363 3435 1507 3508 patiemur
1525 3435 1562 3489 ab
1582 3433 1712 3488 hostibus
1728 3449 1770 3486 as-

106 3521 190 3594 signa
200 3538 263 3593 quan
274 3522 326 3594 ipsi
336 3539 394 3577 nou
402 3524 609 3593 reputaverunt
620 3537 680 3575 esse
692 3519 775 3590 signa
786 3519 846 3587 Dei,
862 3518 912 3574 sed
962 3524 1081 3578 saltum.
1091 3523 1261 3595 Priusquam
1271 3541 1337 3579 vero
1350 3524 1548 3588 incenderent,
1556 3522 1709 3593 polluerunt
1720 3521 1769 3575 ho·

105 3613 250 3681 siqnusnc,
268 3609 298 3664 id
313 3614 355 3665 est
370 3610 452 3682 signa
471 3610 597 3665 victoriae
620 3625 688 3663 suae.
713 3609 746 3662 Et
767 3607 806 3661 sie
816 3625 911 3678 posue-
963 3611 1079 3667 mieidio
1093 3616 1123 3667 et
1136 3613 1296 3685 sacrilegio,
1313 3615 1341 3666 ct
1363 3613 1424 3667 aliis
1446 3611 1585 3684 perversis
1609 3608 1768 3665 actionibus

106 3701 247 3754 runtsicut
264 3700 291 3752 in
303 3701 375 3752 exitu
391 3699 588 3769 solentsigna
602 3697 683 3769 puni,
701 3695 782 3750 idest
795 3694 824 3749 in
844 3712 912 3750 arcu
963 3701 1164 3755 tabernaculum
1175 3703 1289 3756 cornicis
1306 3701 1357 3768 tui,
1377 3701 1462 3755 idest
1481 3699 1581 3772 gloriae
1602 3702 1669 3764 triac,
1692 3701 1767 3752 tem-

107 3788 288 3859 triumphali,
314 3787 366 3841 sub
393 3804 450 3859 quo
475 3786 609 3841 homines
628 3785 736 3839 intrant
752 3787 781 3838 et
796 3788 910 3839 exeunt.
962 3790 1043 3861 plum
1060 3789 1176 3856 scilicet,
1194 3789 1271 3861 quod
1282 3789 1318 3843 ad
1337 3788 1462 3860 gloriam
1475 3788 1589 3841 norar'nis
1605 3788 1646 3856 tui
1660 3787 1767 3839 facturn

106 3877 233 3949 ideoque
248 3876 352 3932 dicitur·
366 3877 465 3931 esitus.
483 3877 530 3930 Vel
549 3875 578 3929 in
588 3876 682 3946 porta,
698 3889 749 3944 per
764 3890 852 3945 quam
863 3874 912 3928 ho·
961 3877 1025 3935 fnit.
1042 3878 1120 3949 quod
1144 3877 1282 3932 nimirum
1304 3876 1354 3932 ad·
1370 3879 1532 3949 respectum
1561 3873 1768 3946 supercoelestis

109 3967 320 4026 minesintrant
330 3970 360 4021 et
373 3969 487 4020 exeunt.
502 3964 606 4036 Tangit
621 3966 718 4017 autem
737 3979 849 4018 morem
863 3980 912 4017 an·
961 3967 1062 4038 templi
1073 3965 1396 4031 talvernccalnmdicitur,
1411 3982 1446 4020 eo
1458 3963 1534 4037 quod
1545 3962 1614 4017 iilud
1624 3964 1766 4016 aeternum

109 4057 267 4130 tiquorum.
282 4054 335 4120 Qui
348 4072 413 4111 cum
425 4055 552 4126 utiquam
566 4053 711 4108 civitatem
731 4054 869 4124 ceperant
883 4054 913 4107 et
962 4055 1007 4123 sit,
1026 4055 1101 4112 istud
1114 4073 1182 4111 vcro
1200 4054 1399 4111 transitorium
1418 4071 1424 4108 :
1441 4053 1552 4108 atinde
1571 4052 1625 4105 hoc
1647 4047 1768 4120 contigit

111 4145 285 4213 devicerant,
302 4149 425 4201 statuam
441 4146 484 4200 vel
500 4144 615 4215 signum
631 4141 854 4214 aliquou,super
869 4157 913 4196 ar·
962 4145 1040 4215 quod
1062 4136 1235 4199 incenderent
1258 4147 1286 4200 et
1306 4144 1472 4215 polluerunt,
1503 4140 1570 4214 quia
1593 4140 1719 4194 dmerunt
1738 4141 1765 4192 in

107 4251 174 4291 cum
189 4235 407 4308 triumphalem,
418 4235 459 4288 vel
469 4235 685 4305 superportam,
698 4231 727 4285 in
738 4229 911 4286 memoriam
960 4233 1108 4292 cordetuo.
1126 4234 1161 4287 Et
1174 4249 1232 4288 non
1259 4230 1343 4306 pauci
1358 4248 1390 4286 ex
1412 4230 1453 4285 eis
1467 4230 1523 4285 hnc
1540 4228 1672 4284 dixerunt
1687 4243 1693 4278 ε
1710 4225 1767 4280 Sed

106 4323 233 4380 victoriae
244 4323 467 4396 suaeponebant.
481 4321 623 4378 Caeterum
636 4320 703 4394 quia
713 4318 913 4385 Romani,llic·
924 4292 950 4352 D
961 4322 1083 4390 coenatio
1097 4337 1188 4374 cortun
1202 4319 1292 4387 simcd,
1309 4318 1338 4373 id
1353 4321 1395 4373 est
1410 4316 1505 4373 omnis
1518 4333 1619 4371 eorum
1635 4311 1765 4369 collectio

105 4416 232 4470 rusalem
248 4412 377 4469 funditus
392 4428 501 4477 eversa,
520 4413 635 4481 portam
650 4409 678 4464 in
694 4425 752 4481 qua
772 4407 856 4478 signa
871 4405 910 4460 vi·
962 4408 1138 4463 unanimiter
1149 4408 1283 4463 dixerunt
1299 4406 1417 4462 incorde
1428 4403 1641 4471 suo‚Fociumus
1652 4404 1767 4476 quiesce-

105 4502 204 4559 etorioe
214 4519 272 4557 succ
284 4503 427 4573 ponerent
437 4499 677 4561 nonhabuerunt,
693 4511 778 4568 super
785 4496 911 4567 aliquem
962 4514 999 4563 re,
1012 4496 1041 4550 id
1056 4499 1098 4551 est
1111 4512 1232 4563 cessare,
1244 4514 1261 4549 o
1272 4502 1342 4549 terro
1357 4497 1418 4563 ista,
1436 4493 1571 4549 sciliceta
1588 4491 1697 4557 iudaea,
1708 4508 1765 4544 oiri·

106 4608 255 4648 summum
275 4592 370 4646 focum
391 4590 560 4659 posuerunt,
572 4587 620 4659 qui
637 4602 695 4641 non
706 4586 912 4658 reputaverunt
961 4585 1094 4655 nessestes
1110 4585 1171 4640 dies
1182 4584 1235 4640 Dei
1248 4583 1424 4638 iudaeorum.
1441 4585 1480 4639 Ac
1496 4582 1519 4637 si
1532 4582 1662 4637 dicerent
1678 4580 1767 4652 :lpsis

106 4696 169 4737 esse
186 4680 268 4752 signa
282 4677 400 4733 ultionis
412 4675 612 4749 divivrae,quod
622 4673 787 4730 debuissent
798 4672 910 4740 facere;
962 4672 1016 4729 diis
1031 4672 1135 4729 nostris
1146 4672 1259 4745 spretis,
1275 4670 1370 4727 nescio
1392 4688 1478 4743 quern
1496 4673 1588 4727 Deum
1608 4671 1707 4725 colunt
1722 4667 1766 4722 cni

107 4768 158 4823 sed
172 4784 229 4823 suae
246 4765 382 4834 victoriae,
394 4766 471 4837 quod
487 4764 584 4836 utique
597 4760 834 4837 superbissimum
846 4760 910 4816 fuit.
961 4761 1035 4818 festa
1057 4761 1175 4817 faciunt.
1205 4760 1261 4816 Sed
1288 4776 1339 4815 nos
1365 4760 1508 4831 templum
1532 4761 1721 4824 destruamus,
1738 4759 1767 4811 ct

107 4857 159 4911 Vel
171 4859 241 4911 sicut
255 4856 282 4908 in
294 4856 376 4916 ecda,
386 4853 415 4907 id
427 4855 470 4908 est
485 4852 525 4907 ita
541 4853 700 4924 posuerunt
710 4847 913 4906 sicutvictores
962 4852 1002 4907 sie
1013 4851 1152 4907 faciemus
1175 4850 1252 4924 quod
1270 4849 1394 4924 amplius
1419 4849 1448 4905 in
1473 4849 1527 4904 liae
1549 4851 1627 4904 terra
1645 4848 1686 4902 illi
1701 4845 1766 4900 festi

99 4944 312 5019 ‚ponuntsigna
327 4946 355 4998 in
364 4941 559 5010 ecdu,scilicet
569 4941 685 5015 quando
697 4943 802 4994 exeunt
814 4938 909 5011 aliqua
963 4940 1023 4996 dies
1037 4958 1095 4996 non
1111 4941 1343 4996 celebrabuntur.
1362 4940 1396 4993 Et
1410 4938 1545 5011 quiahoc
1558 4938 1588 4993 in
1605 4936 1682 4992 corde
1696 4934 1767 4990 dirc-

98 5033 222 5096 ,civitate
238 5033 358 5103 devicta,
370 5037 395 5085 et
408 5048 462 5086 non
473 5037 654 5102 coaraverunt
665 5029 739 5084 hane
751 5027 911 5095 victoriam,
964 5038 1037 5099 runt,
1051 5030 1089 5085 ad
1102 5033 1199 5085 actum
1215 5029 1302 5084 etiam
1319 5028 1524 5101 perduxerunt.

108 5139 169 5180 non
184 5138 218 5177 ex
237 5138 289 5177 sua
308 5121 462 5195 probitate,
479 5118 529 5173 sed
548 5135 581 5172 ex
610 5117 699 5172 divisa
725 5115 913 5189 dispositione
999 5121 1203 5175 liemonstrata
1223 5116 1312 5189 igitur
1328 5115 1494 5172 iudeorum
1515 5112 1722 5187 persecutione,
1739 5115 1767 5169 et

110 5211 289 5282 contingere.
308 5209 358 5265 Vel
371 5210 410 5265 sie
425 5208 539 5280 legitur,
555 5206 578 5261 si
588 5222 674 5277 super
690 5220 803 5260 summo
818 5205 856 5260 ibi
867 5204 913 5271 sit,
965 5208 1164 5263 Romanorum
1177 5205 1291 5261 malitia
1305 5207 1334 5260 et
1349 5203 1493 5276 superbia,
1514 5200 1661 5274 subjungit
1676 5200 1769 5256 fidelis

106 5300 190 5372 juxta
203 5300 407 5372 Augustiuum,
423 5305 448 5355 et
463 5315 515 5353 non
528 5303 715 5366 coenaverunt,
731 5297 810 5361 sicat,
821 5295 850 5349 id
873 5297 916 5350 cst
966 5293 1278 5369 Asophcausamipsius
1288 5291 1503 5365 persecutionis,
1515 5289 1681 5347 hocscilieet
1691 5288 1769 5362 quod

111 5388 236 5462 qualiter
248 5389 290 5454 fft,
302 5393 331 5444 in
345 5390 429 5457 exitu,
442 5385 918 5458 eripersnrnmum,idestdesumma
968 5387 1082 5458 tempus
1095 5382 1264 5440 visitationis
1274 5399 1331 5438 snoe
1348 5398 1406 5437 non
1417 5383 1625 5456 cognoverunt.
1636 5379 1670 5435 Et
1680 5377 1771 5435 admi·

114 5478 165 5541 Dei
174 5479 371 5555 dispositione,
380 5476 506 5554 quodest
515 5474 610 5532 dicero
622 5491 629 5531 ε
643 5475 706 5531 Non
718 5474 918 5548 cognoverunt
969 5477 1067 5531 scctse
1077 5471 1239 5531 collectioni
1249 5488 1351 5529 eorum
1366 5471 1513 5545 loquendo
1525 5467 1560 5526 de
1575 5467 1639 5538 iltis,
1650 5466 1730 5542 quasi
1743 5469 1772 5518 ct

115 5569 241 5650 qualiter
254 5569 315 5628 hee
328 5566 447 5628 victoria
458 5564 544 5627 exivit
558 5565 593 5625 de
608 5561 794 5645 dispositione
809 5561 917 5624 summi
970 5562 1031 5643 ipse
1043 5563 1138 5642 asaph
1148 5561 1293 5624 oisfuisset
1304 5560 1474 5638 conformis,
1485 5558 1647 5644 ignorando
1659 5561 1774 5636 tempus
