3772 5976
89 318 143 372 573

89 441 126 496 lit
142 442 202 494 toto
216 440 334 494 cunctos
345 442 493 511 superaret
504 439 533 493 in
546 439 616 495 orbe
629 439 791 513 magistros:

90 528 134 582 Sic
151 527 319 582 meditando
335 527 486 581 bonusluit
501 531 587 599 atque
604 529 747 599 loquendo
765 530 896 584 disertus.

90 616 158 670 Huic
166 632 195 669 se
210 618 270 669 tota
285 615 364 669 dedit
379 616 520 686 sapientia
534 620 651 688 totaque
664 618 738 672 sedit

88 704 176 774 liujus
187 704 217 758 iu
228 703 340 757 arcanis
350 703 427 758 dives
441 705 637 775 penetralibus
651 706 765 776 hospes

89 791 172 856 Quod
187 792 261 862 dico,
277 792 354 858 novi,
372 809 487 847 mecum
518 810 632 865 quoque
657 794 778 849 Francia
806 793 895 862 novit,

92 882 122 935 Et
137 883 213 935 totus
229 881 309 934 novit
323 897 374 951 per
390 882 503 936 climata
511 885 647 954 quattuor
660 883 746 937 orbis.

89 970 153 1023 llaec
169 969 248 1023 illum
266 969 363 1023 docuit
375 986 420 1023 res
432 970 516 1041 hujus
529 971 773 1040 sperneremundi

87 1059 122 1112 Et
137 1059 231 1112 solum
246 1057 315 1111 fecit
326 1057 492 1129 perquirere
509 1059 612 1130 gaudia
628 1059 700 1114 creti.

87 1147 157 1200 11111
173 1146 196 1200 11
211 1144 280 1217 qnid
294 1146 385 1200 sordis
401 1147 436 1200 de
452 1147 546 1201 carnis
561 1148 624 1218 lege
637 1147 754 1201 cohaesit

87 1236 171 1307 (Nam
189 1234 282 1288 cuncti
296 1235 409 1306 penitus
421 1236 530 1290 carnali
545 1237 608 1307 lege
624 1237 787 1307 gravamur)

87 1323 278 1395 Omnipotens
291 1324 382 1390 tollat,
395 1323 443 1394 qni
457 1324 579 1378 crimina
592 1329 691 1379 nostra
704 1327 821 1392 relaxat,

88 1412 210 1482 Impleat
225 1414 310 1482 atque
333 1411 386 1466 sibi
401 1415 512 1478 votum,
534 1413 610 1484 quod
637 1430 751 1484 semper
777 1412 892 1467 amavit.

154 1523 186 1578 S.
199 1523 390 1578 Bartholoucui
401 1525 550 1595 apostolius
563 1532 651 1579 monte
668 1525 706 1580 Or
723 1528 804 1597 (331).

88 1616 133 1668 65.
151 1613 233 1667 Orbis
248 1629 429 1667 amarescens
457 1613 612 1667 claudescit
631 1616 759 1686 pondere
783 1614 894 1681 martie,

88 1701 124 1755 m
136 1701 268 1755 trahitad
283 1701 408 1773 speciem
423 1701 559 1756 humanos
575 1720 626 1774 per
639 1703 720 1757 devia
730 1703 824 1769 sortis,

88 1789 191 1860 ldargit
203 1791 231 1842 et
246 1789 535 1861 exsiliopropriorum
552 1806 672 1861 qumque
686 1792 841 1846 tabescens.

89 1877 169 1932 Unde
181 1876 419 1944 tumescis,bomo
433 1876 531 1943 miser,
542 1878 595 1931 hac
618 1882 703 1933 11111
723 1881 897 1935 senescens?

87 1964 179 2019 Fonte
191 1963 362 2019 Caribdineo
379 1964 518 2035 mergeris
532 1965 568 2019 ad
579 1967 679 2020 ultima
690 1966 764 2033 finis,

84 2054 126 2106 Ac
140 2051 211 2106 cinis
221 2052 250 2105 in
266 2051 376 2106 cineres
392 2052 518 2119 solveris,
531 2056 561 2106 ut
577 2054 681 2108 umbra
691 2055 824 2108 lucernis.

85 2139 135 2193 Est
149 2140 231 2194 labor
246 2139 307 2209 ejus
318 2155 401 2194 amor
416 2143 444 2193 et
457 2139 660 2195 inextricabilis
670 2159 760 2210 error,

87 2227 206 2282 Oetectu
222 2229 302 2298 qu‘us
318 2228 447 2282 animam
455 2230 656 2301 complectitur
672 2233 786 2300 horror,

85 2317 242 2388 Postquam
257 2318 366 2371 nudata
379 2317 465 2372 fuerit
480 2318 515 2372 de
531 2335 645 2374 carcerc
661 2320 754 2374 carnis

85 2404 135 2458 Vel
160 2403 274 2459 Satauae
298 2405 427 2473 ducibus,
443 2405 522 2460 heul
548 2407 739 2477 circumsepta
757 2409 889 2466 catervis.

83 2492 164 2556 Quod
184 2497 315 2547 metuens
329 2493 475 2547 animosus
491 2493 519 2547 in
535 2495 588 2549 hoc
606 2495 771 2550 discrimine
798 2497 893 2551 Bruno

83 2580 206 2637 Servitio
222 2586 355 2654 penetrat
371 2599 502 2637 eremum
513 2584 681 2638 certaminis
695 2602 770 2652 uno;

86 2669 200 2741 Linquit
213 2686 281 2742 opes
292 2671 450 2742 mundique
466 2671 561 2740 decus,
579 2689 616 2726 ne
632 2673 724 2743 gloria
737 2691 823 2745 poena

84 2757 146 2812 Fiat
160 2759 190 2812 in
204 2758 364 2828 interitum,
382 2760 433 2814 sed
448 2776 566 2814 currens
583 2763 699 2816 nectare
714 2779 787 2817 vena

86 2846 233 2901 Oulcescat
250 2848 351 2902 tluctus
366 2848 456 2902 animi
469 2848 619 2921 cordisque
636 2852 769 2904 tenorem

82 2933 116 2987 ln
130 2950 160 2987 se
175 2933 377 3005 constringens
386 2934 526 2988 scelerum
550 2935 731 3007 constringat
758 2953 892 2992 amorem

82 3021 139 3074 Per
152 3037 249 3076 cursus
262 3021 354 3076 varios
370 3039 492 3093 operum
506 3023 609 3077 virtute
625 3025 783 3093 honorum,

82 3109 280 3164 Mortificando
296 3113 382 3182 caput
397 3111 498 3164 mortis
511 3127 576 3165 cum
585 3112 652 3182 jure
665 3114 820 3168 malorum.

84 3197 267 3269 Quapropter
276 3199 382 3252 meruit
393 3201 537 3254 consortia
553 3199 752 3255 Coelicolarum

86 3285 171 3340 liber
183 3287 218 3340 ab
228 3288 311 3341 hoste
323 3286 411 3357 stygis
422 3291 471 3341 aut
486 3305 583 3342 rerum
595 3292 798 3356 tartarearum,

87 3375 121 3428 Et
134 3375 258 3431 sociatur
270 3376 296 3430 ei
311 3393 363 3449 per
372 3393 459 3447 quem
473 3378 655 3449 reparabitur
668 3380 753 3447 orbis,

87 3463 179 3526 Onam
193 3465 296 3534 longus
312 3467 389 3518 meta
404 3467 463 3518 tam
480 3483 567 3537 purus
578 3465 702 3537 denique
719 3467 838 3534 morbis,

85 3551 147 3615 Ouo
168 3553 328 3623 requiescat
351 3568 436 3606 amen
453 3554 557 3607 misere
572 3554 606 3607 de
624 3557 717 3608 morte
739 3571 893 3628 resurgens

84 3640 140 3694 Nec
155 3640 240 3695 laedat
254 3657 372 3712 serpens
386 3641 462 3695 foeda
476 3642 624 3714 prurigine
639 3646 767 3714 turgens.

389 3763 510 3820 SECTlO
529 3766 573 3818 lll.

192 3869 300 3923 Titulus
314 3868 345 3924 S.
361 3869 458 3924 Murioe
473 3870 657 3925 Larrduuensis
671 3871 753 3942 (335).

85 3959 128 4012 116.
146 3957 240 4012 Bruno
261 3958 347 4011 decus
357 3958 436 4022 cleri,
453 3959 540 4013 decus
552 3963 581 4012 et
595 3959 750 4030 prudentia
778 3962 890 4031 mundi,

84 4045 223 4102 llumluit
238 4045 266 4098 in
283 4045 375 4113 terris,
393 4046 515 4101 florebat
528 4047 661 4102 acumine
672 4047 789 4114 mentis,

85 4134 158 4189 llum
173 4134 227 4188 tuit
239 4134 316 4188 inter
325 4152 378 4199 nos
390 4136 473 4206 (336),
486 4135 608 4190 florebat
621 4135 687 4190 etin
701 4136 890 4190 documentis.

881 315 972 371 ACTA

908 446 936 504 Α
949 438 1164 511 Sedpostquam
1180 441 1280 494 nostra
1295 440 1402 515 delegit
1412 443 1513 501 cedere
1524 448 1591 515 vita,

905 3008 928 3067 C
943 3038 1015 3094 Cum
1028 3039 1103 3094 vivat
1115 3039 1276 3110 potius.Qui
1292 3041 1419 3114 corporis
1434 3048 1535 3098 enecat
1547 3047 1642 3113 oestus,

1691 327 1745 385 571

948 527 1046 581 Vester
1060 528 1170 598 collega
1182 527 1338 599 vestrisque
1354 530 1423 584 locis
1434 534 1559 589 eremite

948 617 1084 685 Deposuit
1096 631 1195 669 curam
1210 616 1333 686 poenitus
1347 618 1435 673 totius
1445 621 1575 690 honoris,

948 703 1132 774 Amplectens
1144 719 1245 756 curum
1260 703 1362 759 Christi
1377 707 1463 761 solius
1479 711 1597 766 amoris.

947 790 1000 844 Vos
1016 790 1115 862 igitur,
1131 790 1245 858 tratres,
1258 794 1348 847 eremi
1365 793 1478 851 deserta
1491 799 1628 867 colentes,

947 878 1086 933 Fallacem
1103 879 1255 933 mumdum
1268 881 1307 934 sic
1317 882 1379 951 jam
1395 901 1541 956 superasse
1554 887 1683 943 videntes

947 967 1102 1037 Egregium
1119 968 1244 1033 Patrem,
1263 985 1298 1023 ne
1313 970 1391 1024 triste
1405 972 1504 1027 feratis
1517 974 1618 1044 obisse,

946 1054 1038 1117 Quem
1054 1071 1106 1108 nos
1122 1056 1278 1126 regnapoli
1293 1057 1389 1112 divina
1402 1064 1537 1131 putamus
1552 1063 1655 1118 adisse.

945 1140 1061 1196 Cumsit
1078 1143 1215 1210 coelicola,
1231 1145 1323 1215 putuit
1336 1146 1405 1217 quid
1417 1149 1511 1219 majus
1532 1151 1664 1207 habere?

945 1231 1019 1284 llum
1029 1230 1083 1284 suit
1098 1231 1231 1297 interris,
1248 1232 1356 1287 haecilli
1371 1237 1532 1292 votasuere.

1229 1320 1309 1374 Alius
1324 1322 1449 1392 ejusdem.

945 1413 1309 1482 61111111111111111,
1333 1434 1419 1489 quem
1435 1419 1565 1488 Francia,
1589 1422 1694 1490 Bruno‚
1710 1437 1753 1477 re·

1654 1507 1752 1580 [aepit,

948 1589 1093 1644 Clauderis
1109 1590 1138 1644 in
1153 1594 1230 1645 terra
1243 1591 1411 1648 Calabrinus
1422 1611 1498 1649 nunc
1513 1597 1644 1664 eremita;

1001 1678 1083 1740 Ouod
1098 1680 1224 1733 clamant
1239 1697 1350 1746 omnes,
1367 1686 1397 1735 ut
1412 1683 1462 1735 tibi
1476 1684 1512 1737 sit
1527 1685 1650 1756 requies.

1054 1782 1217 1837 Martialium
1229 1787 1260 1837 δ’.
1275 1785 1389 1839 Joouais
1413 1786 1543 1858 Baptista
1558 1791 1643 1861 (331).

948 1872 992 1925 os.
1011 1873 1493 1939 13111111111111111111111111111
1508 1880 1664 1933 renovatur

947 1958 1080 2013 Versibus
1093 1963 1120 2013 et
1135 1960 1257 2030 scriptis,
1275 1978 1337 2029 nec,
1356 1967 1465 2034 quanta
1481 1965 1544 2033 suit,
1562 1969 1751 2022 memoratur.

947 2047 1008 2118 lpse
1019 2045 1090 2117 pius,
1105 2047 1235 2118 simplex,
1251 2049 1353 2117 plenus
1369 2043 1485 2104 Deitatis
1500 2069 1610 2119 amore,

947 2135 1110 2205 lmpigeret
1121 2136 1247 2189 mundus
1263 2135 1329 2202 tuit,
1347 2137 1426 2190 omni
1440 2138 1543 2209 dignus
1558 2140 1680 2197 honore.

947 2222 1118 2276 Vivitadhue
1131 2224 1238 2289 Bruno,
1251 2223 1305 2276 sibi
1319 2224 1440 2278 traditur
1455 2228 1565 2281 aPatre
1579 2226 1645 2282 vita.

946 2310 1070 2363 Clericus
1084 2310 1144 2380 ipse
1160 2311 1223 2376 luit,
1234 2312 1265 2364 111
1276 2312 1444 2380 monachus,
1456 2313 1524 2368 hinc
1540 2314 1671 2371 eremita.

944 2399 1024 2453 Nunc
1037 2400 1115 2469 jacet
1128 2415 1272 2470 exsangue
1286 2416 1400 2471 corpus,
1416 2403 1577 2458 tamenhoc
1588 2407 1751 2461 veneratur.

944 2487 1017 2540 Vivit
1031 2487 1125 2542 adhuc
1140 2489 1245 2554 Bruno,
1260 2488 1340 2558 cujus
1357 2489 1441 2543 ssatus
1456 2493 1628 2561 gratulatur.

944 2576 1005 2645 lpse
1020 2575 1155 2646 fatigatus
1171 2592 1222 2647 per
1237 2579 1369 2648 tempora
1380 2593 1489 2650 necque
1503 2582 1609 2647 reatus,

943 2662 1023 2717 Nunc
1032 2663 1086 2718 sibi
1102 2664 1241 2718 concedat
1255 2665 1339 2731 Deus,
1355 2669 1387 2719 ut
1399 2683 1514 2737 semper
1527 2669 1696 2740 requiescat.

1084 2766 1116 2822 S.
1130 2768 1243 2822 Nicotui
1256 2769 1288 2822 de
1304 2769 1385 2826 Saltu
1407 2771 1516 2826 Vedocr'r'
1525 2773 1607 2844 (338).

943 2866 987 2918 69.
998 2864 1078 2918 llaud
1089 2864 1186 2918 doleat
1192 2863 1354 2936 quisquam,
1363 2867 1449 2922 morti
1458 2869 1644 2924 succumbere
1651 2884 1751 2941 quem·

1640 2964 1749 3029 [quam,

943 3127 992 3182 llic
1004 3127 1033 3181 in
1047 3131 1218 3200 perpetuum
1226 3129 1274 3199 jus
1286 3130 1387 3184 mortis
1402 3131 1471 3185 vitat
1498 3133 1636 3187 acerbum
1652 3149 1659 3200 ;

944 3216 978 3270 Et
991 3214 1044 3270 tibi
1058 3214 1218 3288 detjugem
1234 3233 1300 3272 cum
1328 3218 1449 3286 Sanctis,
1466 3220 1581 3290 (111111,
1608 3219 1747 3292 quietem.

1127 3321 1163 3377 B.
1178 3322 1277 3378 Moriar
1287 3323 1430 3378 Noniondr'
1441 3327 1521 3395 (339).

943 3411 987 3465 70.
1004 3410 1142 3481 Egregius
1154 3411 1250 3466 Bruno
1264 3427 1324 3467 nou
1337 3415 1381 3466 est
1393 3413 1556 3468 laudandus
1570 3413 1676 3481 inuno,

944 3497 997 3562 Qui
1008 3498 1105 3552 docuit
1126 3501 1246 3566 clerum,
1262 3503 1346 3571 pater
1362 3500 1468 3556 exstitit
1483 3503 1511 3556 et
1529 3503 1750 3571 monachorum,

942 3585 1034 3655 Atque
1044 3587 1102 3640 Deo
1117 3586 1219 3640 charus
1225 3602 1286 3656 per
1295 3587 1386 3641 claros
1400 3588 1544 3659 splenduit
1554 3593 1643 3647 actus.

944 3672 1084 3728 Omnibus
1093 3673 1140 3726 hic
1154 3673 1237 3728 uobis
1247 3673 1283 3727 sit
1296 3690 1411 3746 semper
1424 3677 1708 3745 commemorandus,

943 3760 1032 3832 lpsius
1046 3763 1078 3814 ut
1093 3763 1200 3814 statum
1211 3761 1305 3830 capiat
1317 3763 1392 3816 Deus
1406 3763 1638 3832 immaculatum,

942 3847 1029 3903 ldissis
1041 3850 1070 3901 et
1085 3847 1202 3919 psalmis
1215 3847 1339 3903 societur
1354 3849 1460 3904 civibus
1470 3850 1562 3908 almis.

1239 3955 1320 4009 Atius
1343 3956 1470 4026 ejusdem,

943 4047 987 4098 7l.
1005 4045 1078 4098 llum
1094 4041 1161 4097 vixit
1180 4043 1285 4109 Bruno,
1314 4044 1429 4098 monuit
1442 4044 1567 4117 lecitque
1590 4046 1749 4117 mouendo,

943 4132 978 4186 Ut
993 4131 1077 4186 nobis
1092 4131 1218 4185 mundus
1234 4130 1361 4198 vilescat,
1376 4149 1412 4186 ne
1428 4149 1592 4203 pereamus.

83 4221 236 4293 integritas
252 4239 369 4277 morum
383 4224 532 4277 cumulum
558 4223 700 4295 supplevit
731 4224 889 4292 honorum;
942 4219 1062 4274 Mundus
1075 4217 1297 4287 habetfraudes,
1314 4219 1374 4274 istis
1385 4221 1537 4293 coniungit
1555 4225 1584 4277 11
1596 4227 1682 4280 artes.

118 4345 191 4415 (331)
199 4345 271 4401 Cum
287 4344 315 4399 S.
329 4345 532 4400 bartholomaei
546 4346 674 4413 nomine,
700 4347 890 4418 quemadmo·
943 4341 1072 4413 vsrgiues
1086 4345 1305 4413 perseverarunt
1320 4341 1357 4397 ad
1374 4360 1483 4400 annum
1499 4362 1588 4418 nsque
1601 4349 1680 4416 1128,
1692 4366 1749 4423 quo

84 4416 153 4470 dum
168 4416 264 4470 Gallim
278 4416 379 4470 Christ.
398 4419 487 4470 auctae
512 4417 666 4486 scriptores
681 4419 753 4471 tom.
768 4419 810 4484 lll,
835 4419 888 4473 col.

86 4488 145 4552 181,
164 4486 279 4551 docent,
296 4485 766 4552 S.Theodoricimonasterium,in
779 4493 890 4555 monte,

83 4557 225 4611 veteribus
239 4557 323 4610 Gallis
339 4555 377 4610 Or
401 4560 575 4628 nuncupato,
597 4558 686 4612 tribus
701 4558 737 4612 ab
753 4560 823 4613 urbe
837 4560 890 4614 lle-

83 4627 177 4681 mensi
195 4627 364 4681 milliaribus
376 4628 473 4694 situm,
486 4644 562 4682 anno
586 4645 620 4682 ue
631 4628 745 4682 circiter
766 4629 819 4683 500
846 4647 892 4684 ex-

83 4700 233 4764 structum,
249 4697 412 4751 olimetiam
427 4699 547 4764 venerit,
560 4645 750 4753 dubitandum
768 4716 828 4753 nou
842 4716 891 4771 ap-

83 4771 166 4838 paret
179 4768 248 4839 quin
264 4768 308 4822 bic
323 4768 392 4822 illud
408 4769 584 4839 designetur.

118 4840 190 4908 (335)
204 4839 397 4893 Laudouensis
414 4855 462 4892 seu
477 4840 571 4910 potius
585 4839 779 4893 Laudnnensis
791 4841 888 4895 cathe-

83 4908 501 4963 (11111111111111111111111111
518 4910 567 4963 [lei
581 4910 715 4964 Genitrici
731 4927 811 4965 sacra
836 4915 887 4978 est;

83 4980 165 5033 utvel
179 4980 262 5046 hinc;
279 4984 407 5051 spectare
422 4980 459 5033 ad
484 4981 559 5034 hane
574 4981 735 5050 subjectum
748 4981 886 5049 Titulum,

83 5049 275 5104 dubitandum
291 5067 349 5105 non
367 5054 514 5121 appareat.

115 5121 188 5191 (336)
200 5120 292 5174 Gallos
305 5121 423 5183 scilicet,
447 5123 506 5186 aut,
524 5121 545 5175 si
563 5119 662 5188 mavis,
679 5121 888 5178 archidioecesis

46 5203 53 5216 ·
82 5188 240 5255 Remensis,
255 5191 333 5260 quus
346 5191 539 5246 Lauduneusis
555 5191 734 5264 episcopatus
749 5192 887 5264 suffraga-

82 5276 152 5314 neus
170 5263 222 5325 est,
237 5261 354 5315 incolas.

115 5333 186 5401 (331)
202 5332 280 5385 lutra
292 5331 368 5385 urbis
379 5331 575 5386 Laudunensis
589 5332 731 5387 ambitum
758 5334 814 5400 [adi
824 5334 886 5388 Gal·

80 5401 149 5455 liam
166 5401 358 5456 Christianam
374 5405 486 5456 auctum
498 5403 682 5468 tom.lll,col.
696 5406 746 5458 587
760 5408 788 5457 et
803 5409 885 5475 seq).

81 5471 109 5526 S.
126 5471 284 5542 Salaberga
301 5472 379 5542 virgo
393 5474 496 5527 seculo
507 5489 543 5526 vn
560 5473 710 5527 aedificavit
731 5475 887 5545 partheno·

82 5558 160 5609 nem,
174 5542 203 5596 S.
220 5542 339 5596 loannis
354 5543 485 5615 Baptistae
495 5543 614 5598 nomine
625 5545 885 5624 per-longissimum

942 4412 1210 4467 sanctimonialibus
1235 4415 1393 4468 monachos
1415 4416 1586 4473 substituere
1607 4418 1637 4473 in
1652 4423 1751 4478 coacta

941 4482 1070 4538 Atrebati
1087 4483 1240 4553 provinciae
1250 4484 1398 4538 1111111111
1406 4487 1516 4557 synodo
1525 4487 1580 4542 fuit
1589 4488 1749 4548 decretum.

941 4554 1028 4624 liujus
1044 4554 1139 4634 itaque
1156 4554 1343 4626 parthenonis
1366 4555 1483 4611 indubie
1507 4561 1549 4613 est
1566 4559 1675 4616 Titulus
1687 4562 1751 4619 sub·

937 4625 1115 4704 (11111111,
1126 4623 1207 4747 quod
1221 4624 1310 4678 etiem
1332 4623 1379 4679 hie
1407 4628 1580 4695 notandum,
1612 4647 1645 4685 er
1661 4633 1747 4702 hunc,

961 4711 1026 4748 uem
1047 4695 1123 4747 mclu
1146 4696 1177 4760 it,
1192 4695 1591 4768 versieulumseqnentem,C
1630 4704 1685 4757 1111
1695 4705 1749 4774 ipse

938 4711 1012 4835 dunt,
1027 4765 1058 4833 fit
1067 4765 1221 4827 monachus,
1235 4766 1296 4819 hinc
1308 4769 1454 4830 11111111
1478 4768 1569 4825 111111
1582 4773 1747 4845 eorum,qui

940 4835 967 4890 S.
983 4837 1156 4901 Brunonem,
1175 4852 1240 4889 cum
1250 4836 1361 4892 mundo
1382 4840 1443 4892 vale
1467 4839 1524 4907 ixit,
1539 4856 1598 4894 nan
1611 4847 1690 4896 recta
1716 4843 1746 4898 iu

939 4907 1119 4960 Carthasiam
1165 4906 1312 4961 secessisse
1358 4911 1510 4977 astruunt,
1551 4909 1744 4983 suffragatur,

939 4977 1186 5058 quemadmodum
1203 4977 1411 5033 Commentarii
1424 4979 1521 5051 praevii
1534 4997 1614 5035 num.
1626 4983 1680 5037 sio
1696 4983 1747 5040 do-

939 5064 993 5102 11ι.

974 5117 1116 5183 (33811111
1129 5119 1303 5185 coenobium,
1320 5118 1398 5189 qnod
1414 5117 1505 5173 tribus
1521 5119 1633 5176 circiter
1657 5124 1746 5181 leucis

939 5189 974 5242 ab
990 5188 1059 5242 urbe
1077 5187 1217 5242 Lauduno
1246 5189 1275 5242 in·
1299 5187 1368 5244 silva
1389 5188 1527 5260 vedogio,
1551 5207 1600 5245 seu
1627 5192 1744 5266 Voegia,

939 5259 1031 5316 Saltus
1051 5257 1159 5312 Vedoctr'
1173 5258 1291 5312 nomine
1301 5258 1346 5312 hie
1355 5258 1501 5326 dictincta,
1510 5260 1597 5316 situm
1612 5267 1745 5332 est,anuo

938 5330 1049 5384 circiter
1066 5331 1133 5382 1080
1148 5329 1258 5383 natales
1273 5328 1385 5382 videtur
1405 5329 1490 5384 tuisse
1507 5332 1656 5392 sortitum.
1689 5334 1743 5391 Adi

937 5400 1056 5455 Galliam
1072 5398 1174 5453 Christ.
1191 5401 1257 5452 auat
1270 5402 1330 5453 tom
1342 5399 1382 5464 lli,
1400 5400 1454 5454 col.
1472 5402 1564 5456 orosa
1577 5419 1638 5475 seq.

972 5471 1043 5550 (339)
1055 5470 1240 5535 Locussacer,
1250 5468 1298 5540 qui
1310 5469 1366 5522 hoc
1380 5470 1500 5525 nominc
1514 5472 1601 5528 hodie
1615 5476 1744 5548 appelle·

935 5544 992 5608 tur,
1004 5539 1206 5596 obmvefuerit
1224 5539 1393 5612 appellatus,
1421 5541 1556 5614 nuspiam
1580 5560 1598 5601 a
1622 5562 1670 5606 mo
1686 5546 1743 5604 tuit

80 5611 221 5685 temporis
235 5613 360 5684 spatium
374 5615 476 5685 postea
497 5615 642 5684 vocatum,
663 5630 694 5671 ιιι
720 5630 777 5687 quo
794 5630 884 5672 111111
934 5612 1077 5668 inventus.
