3772 5976
81 353 136 407 ‘269

872 344 962 403 ACTA

1695 361 1748 420 270

77 492 137 550 quo
161 473 355 531 verosimilius
378 473 496 544 dehent,
527 472 737 548 intelligantur,
769 472 891 533 Saucius
902 468 1269 542 Acheriasiienedictusin
1285 473 1505 535 metricaSanct
1528 481 1620 541 nostri
1633 480 1747 554 rrimus

940 566 1017 630 ante,
1028 581 1090 637 quae
1101 564 1193 637 pridie
1208 567 1306 622 Sancti
1323 565 1546 643 nostri'ejusque
1558 572 1703 629 sociorum
1717 575 1747 632 in

939 668 1070 707 eremum
1085 671 1211 709 secessus
1233 655 1286 710 hos
1300 656 1376 711 inter
1390 660 1419 712 et
1440 656 1468 713 S.
1494 660 1645 732 Hugonem
1667 667 1748 735 geste

939 741 1070 809 adstruit,
1087 744 1219 812 narratis,
1241 761 1299 800 non
1323 746 1442 801 obscure
1467 747 1585 818 indicat,
1610 752 1747 825 quapiam

79 570 190 632 noster,
206 582 272 619 curn
290 566 325 620 ad
336 565 488 636 Hugonem
504 564 803 637 Gratianopolitanum
819 565 891 637 epis-

75 671 184 728 copum
195 655 323 721 accessit,
339 654 500 709 sacerdotio
517 655 648 710 initiatus
663 655 888 710 nondumfuisse

76 745 219 811 videatur,
233 744 287 799 nisi
309 743 395 812 forte,
414 745 492 816 quod
513 748 611 799 tamen
633 744 722 800 eliam
738 745 887 799 adstruere

75 833 121 888 rix
135 833 239 899 ausim,
256 851 273 888 a
295 834 431 905 Gnigone,¹
443 835 537 888 solum
552 834 705 905 Hugonem
732 832 888 889 sacerdotis

77 922 213 977 iunctum
235 922 331 977 otllcio
352 937 514 977 asseverare
538 922 617 990 velis,
642 938 700 977 non
729 938 786 995 quo
811 923 888 977 solus

76 1012 212 1066 sacerdos
226 1014 310 1078 esset,
336 1012 386 1067 sed
401 1013 478 1084 quod
496 1013 572 1068 solus
589 1013 712 1081 munia,
744 1013 886 1068 sacerdoti

76 1100 294 1169 convenientia,
308 1100 412 1167 obiret,
425 1100 549 1171 ipsomet
560 1101 694 1156 Brunone
710 1101 886 1174 reliquisque

76 1191 139 1261 ejus
154 1190 237 1245 sociis
253 1205 312 1260 pras
333 1189 494 1244 bumilitate
522 1190 666 1263 aliavejex
681 1207 766 1246 causa
793 1192 829 1246 ab
853 1190 888 1246 iis

75 1278 298 1334 abstinentibus.
326 1280 386 1345 Ast,
414 1279 538 1350 inquies,
563 1278 684 1335 Sanctus
707 1280 736 1334 in
756 1280 886 1351 pluribus

76 1368 167 1422 titulis
180 1366 350 1422 funebribus
358 1367 488 1422 Ecclesiae
499 1385 607 1435 murus,
624 1369 811 1423 ecclesiarum
825 1370 882 1436 lux,

76 1456 250 1528 metropolis
259 1456 407 1511 Remensis
420 1457 565 1525 columna,
582 1458 747 1512 etiamante
762 1457 883 1514 suumin

75 1560 211 1600 eremum
222 1544 377 1599 Cartlrusiae
387 1562 540 1614 secessum,
565 1546 765 1615 exstitissc,aut
779 1546 884 1601 diserte

75 1634 225 1703 asseritur,
244 1637 293 1688 aut
308 1638 385 1688 certe
406 1652 464 1690 non
478 1636 598 1690 obscure
623 1636 763 1692 innuitur.
779 1637 883 1692 Fateor

75 1724 114 1778 sic
128 1724 235 1778 habet:
250 1724 357 1778 Verum
372 1723 473 1795 quidni
483 1725 572 1780 titulis
585 1726 751 1796 hujusmodi
778 1725 883 1780 conde·

72 1812 167 1867 corani
183 1813 319 1883 potuerit,
340 1813 417 1884 quod
432 1815 518 1885 plane
532 1814 638 1886 insigni
653 1820 727 1870 esset
748 1817 810 1870 tum
829 1815 882 1870 dc·
896 1811 922 1872 B

71 1901 178 1968 ctrina,
190 1902 882 1975 quaRemensisaliarumqueecclesiarumalum-

72 2006 137 2057 nos,
151 1990 299 2044 Hemosad
307 1989 445 2045 Sanctum
456 1991 633 2047 audiendum
644 2009 751 2065 magno
764 2008 881 2048 concur-

69 2096 102 2133 su
119 2079 544 2147 confluentes,erudiisset,tum
557 2080 880 2154 etiamvirtnte,quadiu

67 2167 220 2222 ecclesiam
245 2169 420 2223 Remensem
448 2170 584 2224 adversus
608 2170 713 2243 impios
733 2171 878 2238 Manassis,

67 2256 226 2311 Simoniaci
239 2256 383 2323 antistitis,
398 2261 520 2312 conatus
531 2258 630 2313 luisset
646 2258 767 2313 tutatust
775 2259 879 2330 Nequit

67 2344 165 2417 itaque
199 2344 332 2400 etiamen
354 2346 501 2400 honorum
519 2347 617 2412 titulis,
640 2347 743 2419 quihus
758 2346 878 2402 Sanctus

64 2434 123 2488 sive
139 2433 168 2488 iu
184 2433 312 2490 versibus
325 2434 381 2490 illis
392 2434 574 2502 funebribus,
591 2435 649 2490 sive
661 2435 729 2491 alibi
740 2436 875 2506 allicitur,

65 2522 876 2597 quidquamroburisaccedereadopinionem,quaefuissa

64 2612 876 2685 illumjamtum,cumadHugonemGratianopolitanum

65 2701 235 2773 episcopum
258 2701 385 2767 accessit,
402 2702 563 2757 sacerdotio
587 2702 744 2770 initiatum,
766 2704 875 2772 statuit,

66 2805 98 2843 ac
125 2789 211 2862 proin
231 2806 339 2844 revera
359 2790 439 2845 illurn
456 2795 517 2844 turn
544 2791 724 2846 sacerdotem
743 2792 876 2848 nondum

63 2876 164 2943 fuisse,
190 2878 276 2949 longe
301 2878 383 2946 mibi,
400 2879 534 2934 omnibus
557 2879 752 2947 consideratis,
769 2879 875 2936 verosi·

64 2966 163 3020 mitius
176 2969 307 3037 apparet.
325 2968 432 3022 Rerum
460 2968 496 3023 ad
517 2967 654 3023 Sanctum
681 2968 874 3040 spectantium

62 3054 172 3109 seriem
189 3055 277 3111 modo
289 3071 509 3129 prosequamur.
706 3113 714 3128 ,

60 3145 75 3212 5
103 3143 202 3198 XXVI.
230 3143 347 3199 Sanctus
374 3143 526 3200 Cartbusia’
553 3163 669 3200 erermrm
700 3145 871 3217 ingreditur:

279 3234 450 3306 quandonam
466 3234 494 3288 id
509 3235 643 3289 acciderit.

93 3323 159 3378 tlt.
173 3321 246 3380 Cum
261 3323 341 3396 lingo
357 3325 641 3398 Gratianopolitanus
661 3323 821 3397 episcopus,
840 3324 868 3380 S.

57 3397 503 3485 Brunonemsexqueejrissocios
517 3430 603 3485 snpra
619 3413 870 3485 nominatos,quos

56 3500 214 3569 perstollas
231 3503 354 3573 septem,
367 3501 420 3557 sibi
432 3502 461 3557 in
470 3501 714 3571 somnevdivinitus
729 3506 866 3571 ostensas,

57 3585 226 3659 designatos
250 3589 336 3646 luisse
347 3591 440 3645 nullus
452 3591 613 3658 dubitabat,
635 3591 790 3646 Caribusiae
805 3609 867 3647 ere·

57 3692 140 3731 mum
158 3693 208 3731 sou
224 3682 356 3735 montem
370 3695 431 3734 csse
442 3679 526 3734 illisa
542 3682 600 3735 neo
617 3680 789 3735 destinatum
807 3697 868 3735 ere-

57 3765 166 3820 mltirae
181 3766 246 3821 ritae
269 3766 407 3823 ducendae
433 3768 636 3840 domicilioque
665 3768 865 3824 constituendo

54 3852 163 3919 locum,
183 3857 379 3927 narrataque
394 3859 484 3912 Deum
495 3857 548 3912 sibi
561 3858 589 3912 in
608 3873 708 3911 eremo
724 3858 772 3912 illa
787 3856 866 3913 babi-

53 3943 382 4000 taculumaedisscautem
406 3946 714 4018 conspexerat,risione
738 3946 865 4002 edocuis-

50 4033 103 4097 set,
118 4031 275 4103 rerbisquc
292 4033 392 4100 etiam,
405 4038 435 4089 ut
450 4039 580 4106 apparet,
594 4051 651 4107 quo
664 4035 759 4089 locum
779 4035 861 4091 illurn

47 4118 101 4172 sibi
118 4118 345 4177 inhabitandum
367 4122 537 4195 deligerent,
565 4123 665 4178 suisset
680 4114 865 4192 adhortatus,

46 4207 196 4262 omnesilli
204 4209 345 4265 atdivinau
356 4211 497 4266 voluntati
509 4213 627 4285 obsequi
638 4212 701 4267 etin
710 4212 859 4267 horridam

45 4295 857 4370 solitudinemsecedereparatissinrosseseextribuerunt.

940 828 1027 883 etiam
1045 830 1201 887 Carthusiae
1224 833 1386 888 solitudinis
1400 835 1595 910 descriptione
1622 840 1744 911 adjecta.

939 917 1050 986 Versus,
1066 921 1170 992 quibus
1188 921 1217 975 in
1231 924 1407 995 exsequitur,
1420 925 1475 979 huc
1492 927 1663 984 transcribo.

974 1007 1036 1062 tls.
1047 1006 1304 1084 Summisquumque
1303 1012 1379 1084 juqis
1384 1014 1493 1084 afferret
1500 1014 1611 1087 Jupiter
1616 1018 1739 1088 oetbram,

972 1096 1063 1170 Atque
1076 1099 1247 1157 diurnanouo
1261 1103 1314 1157 sote
1323 1101 1465 1158 interualla
1480 1105 1606 1175 redirent,

971 1185 1091 1243 Mandat
1106 1205 1183 1260 equos
1199 1191 1308 1261 praesul,
1328 1191 1521 1265 parturientisque
1540 1195 1626 1250 multa
1642 1197 1743 1269 parari

971 1275 1063 1348 Atque
1071 1277 1123 1348 tegi
1131 1281 1217 1334 varios
1225 1280 1322 1351 fabrili
1334 1298 1366 1334 er
1381 1287 1438 1335 arte
1452 1285 1606 1354 magistros.

972 1363 1070 1419 Omnia
1084 1372 1257 1439 suntprasto,
1274 1375 1438 1442 curcuntpcr
1453 1376 1523 1426 tecta
1539 1375 1671 1443 maqistri.

971 1451 1104 1510 Ganuenta
1118 1463 1143 1510 et
1158 1456 1254 1512 lateres
1268 1475 1300 1512 ac
1312 1458 1387 1530 liqna
1398 1460 1526 1531 seruntur
1539 1469 1645 1518 onusta.

967 1542 1104 1617 Hinnitus
1113 1547 1240 1616 jumenta
1248 1549 1328 1617 qraui
1340 1549 1388 1602 rut
1397 1549 1514 1620 pondere
1527 1553 1648 1607 mittunt.

967 1633 1031 1688 Jam
1039 1641 1167 1690 montana
1177 1642 1276 1708 petunt
1288 1652 1393 1701 omner,·
1409 1639 1437 1691 in
1447 1638 1550 1693 cutmen
1564 1643 1685 1712 apricum

969 1722 1065 1780 Orbita
1081 1726 1200 1796 difficilis
1213 1727 1280 1798 sert,
1290 1728 1348 1780 ima
1359 1744 1475 1781 concaua
1491 1728 1569 1782 cattis

969 1811 1024 1867 Ora
1033 1821 1141 1885 patent,
1151 1815 1265 1887 jamque
1286 1817 1387 1869 incessu
1406 1816 1580 1886 speculantur
1592 1817 1627 1872 ab
1646 1819 1701 1873 atto

965 1897 1112 1955 Planitiem
1123 1908 1210 1965 terra,
1226 1908 1362 1975 turresque
1376 1920 1407 1957 ac
1421 1904 1517 1975 oppida
1532 1906 1645 1961 circum.

967 1987 1200 2062 Quadrupedanda
1211 1991 1410 2062 aripertumulos
1421 1993 1479 2046 triac
1489 2011 1583 2063 aqmen
1597 2010 1734 2068 equorum.

964 2076 1221 2150 Stapcqerirudant,
1238 2082 1411 2153 certatimque
1422 2083 1460 2135 ire
1476 2080 1610 2137 laborant.

963 2164 1011 2220 Ad
1023 2184 1174 2238 supremum
1191 2169 1274 2238 iqitur
1285 2167 1392 2223 tandem
1406 2185 1497 2223 venere
1510 2188 1647 2239 cacumen,

962 2254 1084 2309 Hernica
1108 2273 1174 2310 sara
1187 2256 1286 2324 vi'dcnt,
1309 2257 1497 2330 torrentesque
1515 2259 1632 2332 nandique
1646 2277 1734 2334 rupes.

961 2342 1026 2398 Non
1036 2344 1146 2399 arbusta
1160 2345 1214 2399 illic
1227 2362 1271 2399 seu
1287 2345 1360 2415 liqna
1370 2345 1487 2415 ferentia
1498 2353 1624 2404 structus.

967 2431 1021 2486 ru
1033 2433 1072 2486 iti
1084 2439 1147 2486 sunt
1159 2433 1245 2487 terboe
1259 2433 1355 2488 virides
1365 2434 1528 2507 humilesque
1541 2442 1662 2506 qenestoe,

961 2517 1000 2573 Et
1015 2520 1237 2595 laricesabiesque
1247 2527 1271 2575 et
1286 2523 1398 2576 tensoein
1411 2522 1499 2577 sidera
1510 2524 1608 2595 pinne.

926 2608 1150 2677 Btumenvenna,
1165 2610 1219 2664 etsi
1235 2609 1271 2664 de
1287 2609 1330 2677 iis,
1346 2627 1409 2682 quae
1423 2610 1470 2665 hic
1482 2612 1518 2666 de
1531 2612 1639 2684 paratis
1654 2614 1735 2686 jussu

926 2697 1052 2770 episcopi
1068 2697 1163 2753 itineri
1177 2698 1296 2770 sedique
1304 2698 1333 2753 in
1345 2699 1626 2773 Caribusiatigendae
1635 2721 1735 2759 neces·

926 2784 1007 2839 sariis
1018 2788 1163 2841 memorat
1173 2785 1353 2854 benedictus,
1364 2788 1442 2843 nullo
1450 2789 1537 2861 plane
1553 2790 1640 2846 verbo
1651 2808 1734 2848 men·

925 2872 1036 2929 tionem
1045 2874 1141 2942 iaciat,
1154 2875 1306 2947 Hugonem
1320 2879 1420 2931 tamen
1437 2877 1597 2934 antistitem
1607 2880 1732 2938 Brunoni

925 2963 1043 3035 ejusque
1057 2964 1150 3032 sociis,
1159 2964 1250 3036 qualis
1266 2967 1340 3019 esset
1346 2964 1503 3022 carthusiae
1518 2968 1654 3037 solitudo,
1665 2987 1731 3028 cum

924 3052 1028 3106 adituri
1043 3052 1118 3107 hanc
1129 3054 1192 3125 jam
1216 3053 1322 3121 forent,
1339 3054 1379 3108 ita
1393 3059 1587 3128 exponentem
1600 3057 1730 3117 inducit:

923 3162 938 3190 »
951 3142 1048 3196 Locus.
1066 3182 1084 3195 ..
1097 3142 1177 3197 robis
1188 3145 1270 3198 alteo
1281 3143 1449 3216 designatus
1465 3148 1508 3200 cst
1523 3161 1638 3201 eremus
1650 3165 1729 3220 qure-

922 3229 989 3284 dam
1013 3230 1043 3286 in
1058 3231 1208 3287 montibus
1230 3231 1385 3300 altissimis,
1413 3235 1632 3307 appellaturque
1655 3237 1727 3291 Car·

920 3319 1024 3374 thusia.
1042 3321 1145 3391 simpla
1159 3320 1277 3393 quidem
1292 3321 1343 3376 sed
1353 3321 1469 3392 penitus
1482 3322 1642 3379 inhabitata
1660 3326 1728 3397 [non

920 3408 1072 3480 habitetur,
1087 3408 1154 3464 solis
1166 3410 1235 3464 feris
1247 3410 1355 3481 pervia,
1373 3411 1539 3467 bominibus
1551 3429 1618 3468 vero
1632 3417 1660 3469 et
1671 3432 1726 3471 cae-

919 3498 988 3553 teris
1003 3497 1167 3554 domesticis
1192 3497 1390 3554 animantibus
1404 3504 1525 3572 propter
1550 3502 1605 3557 loci
1618 3505 1726 3575 asperi-

917 3589 1008 3642 tatem
1019 3603 1094 3658 peue
1105 3587 1215 3660 ignota.

952 3677 1015 3731 lte.
1031 3675 1117 3730 »Altis
1127 3678 1156 3729 et
1170 3678 1310 3748 tanquam
1328 3675 1426 3730 excisis
1440 3675 1508 3732 hinc
1523 3675 1590 3733 inde
1604 3680 1724 3751 rupibus

916 3765 945 3817 et
970 3763 1093 3836 scopulis
1121 3763 1346 3830 circumvallata,
1363 3765 1547 3820 infructuosis
1572 3768 1723 3823 arboribus

915 3853 1034 3920 consita,
1046 3853 1262 3924 supramodum
1276 3852 1417 3925 trigidaet
1430 3870 1482 3926 per
1496 3855 1639 3926 majorem
1654 3872 1720 3927 par-

913 3944 974 3997 tem
984 3941 1243 4014 temporisniribus
1254 3946 1365 4014 operta3
1378 3943 1450 3998 adeo
1459 3943 1547 3998 etiarn
1562 3947 1719 4018 praerupta,

912 4030 1016 4086 sterilis
1032 4034 1060 4084 et
1075 4030 1263 4097 infructuosa,
1279 4033 1309 4085 ut
1324 4031 1395 4085 nihil
1411 4031 1439 4085 in
1451 4048 1485 4086 ea
1501 4036 1550 4087 aut
1561 4032 1616 4087 seri
1627 4035 1719 4090 valeat

912 4122 961 4174 aut
976 4119 1057 4184 uncti,
1075 4120 1112 4174 ad
1138 4119 1327 4191 quametiam
1350 4123 1393 4174 cst
1414 4137 1547 4175 ascensus
1575 4122 1669 4192 gravis
1691 4125 1720 4177 et

911 4209 1078 4276 laboriosus3
1095 4207 1241 4279 ingressus
1256 4224 1323 4263 vero
1348 4203 1472 4264 difficilis
1487 4212 1516 4264 et
1530 4210 1714 4282 periculosus,

910 4298 1009 4366 utpute
1023 4294 1176 4349 interduas
1189 4294 1270 4349 mirae
1284 4294 1443 4351 altitudinis
1452 4311 1548 4366 rupes,
1560 4312 1623 4367 quaa
1639 4298 1715 4351 velut

47 4383 102 4438 lieo
117 4386 246 4440 multum
270 4388 409 4458 temporis
432 4388 558 4459 fatigatis
574 4405 589 4441 c
616 4387 661 4442 via
691 4389 859 4460 corporibus
871 4401 896 4459 D
908 4386 994 4438 rectu
1010 4383 1093 4437 liueae
1108 4399 1222 4438 sursum
1230 4401 1258 4438 se
1268 4383 1456 4454 erigentes,in
1468 4385 1583 4438 culmen
1592 4386 1715 4441 tandem

47 4469 76 4525 in
89 4474 247 4544 episcopali
257 4476 373 4546 palatio,
383 4481 500 4530 curante
512 4476 719 4548 benignissime
728 4476 857 4547 lingone,

46 4560 857 4633 reficiendisimpenderant,cumitineriseseCarthusiarn

48 4650 341 4718 uersuscommisere,
359 4651 517 4724 ipsummet
533 4653 562 4707 S.
580 4654 731 4724 llugonem
749 4653 857 4724 episco-

47 4752 118 4808 pum
135 4737 245 4792 socium
263 4756 294 4793 ac
311 4741 448 4796 comitem
462 4741 514 4796 sibi
531 4741 857 4812 habentesadjunctum.

46 4843 62 4876 ι
77 4827 144 4896 ipso
169 4829 446 4900 iramque.(ilugur·re
470 4830 576 4884 scilicet
591 4830 857 4900 tiratianupolitano

47 4913 195 4986 episcopo)
212 4914 380 4971 consulente
393 4923 421 4971 ct
431 4917 551 4988 juvante
568 4936 600 4971 ar:
616 4917 775 4972 comitante
791 4919 857 4973 Car·

46 5001 148 5057 thusiae
160 5001 346 5057 solitudinem
355 5004 536 5060 intrauerunt
551 5008 856 5077 atqueentruncrurrt,n

46 5088 144 5161 inquit
164 5089 238 5145 des.
256 5092 389 5147 Brunone
403 5094 520 5166 ejusque
537 5095 621 5148 suciis
637 5095 664 5148 in
678 5094 773 5149 Socrati
784 5095 857 5150 illius

44 5179 184 5237 antistitis
196 5178 253 5233 rita
270 5181 332 5235 locu
364 5200 450 5254 supra
472 5184 519 5237 cit.
543 5183 643 5254 Guigo.
661 5184 856 5240 Dubitandum

45 5283 103 5321 non
115 5271 239 5339 apparet
247 5268 317 5340 quin
326 5270 573 5325 sanctissimushic
585 5273 687 5342 prusul
699 5272 860 5327 necessaria

46 5358 109 5410 tum
126 5356 226 5411 itineri
248 5356 304 5425 isti,
322 5362 383 5412 tum
399 5359 646 5433 qualibuscunque
656 5378 705 5415 scu
727 5360 860 5415 domibus

47 5461 95 5499 seu
107 5445 220 5499 cellulis
233 5447 323 5501 etsihi
335 5451 364 5502 ct
383 5448 510 5504 Brunoni
525 5449 644 5520 ejusque
655 5450 738 5504 sociis
752 5449 780 5503 in
796 5451 861 5503 Cur-

48 5533 152 5588 tbusire
167 5537 454 5591 eremoexstruendis
471 5537 630 5592 neccssaria
643 5538 749 5608 parari,
768 5555 861 5610 eoque

50 5620 158 5678 deterri
174 5623 388 5698 curarit.lttque
402 5623 432 5679 id
450 5624 544 5696 reipsa
559 5624 646 5680 etiam
672 5625 792 5695 lactum,
810 5626 860 5680 Za·

909 4472 1023 4536 coeunt,
1040 4470 1080 4523 ita
1096 4473 1126 4525 ut
1140 4470 1353 4526 introeuntibus
1363 4470 1476 4525 horrori
1487 4471 1545 4525 sint
1559 4473 1588 4525 et
1597 4473 1713 4529 terrori.

908 4560 939 4614 ln
955 4559 1052 4613 medio
1072 4576 1138 4614 vero
1153 4559 1214 4631 ejus
1225 4561 1267 4612 est
1281 4573 1383 4630 parvus
1399 4557 1510 4624 cluvius,
1527 4557 1575 4630 qui
1604 4559 1713 4616 Guanus

909 4662 1041 4713 ronanus,
1057 4646 1136 4719 quasi
1149 4647 1283 4719 quaedam
1300 4645 1397 4717 imago
1416 4645 1531 4713 mortis,
1553 4646 1666 4716 dicitur,
1681 4666 1715 4705 ex

909 4736 1159 4790 circumstantibus
1174 4735 1300 4806 undique
1324 4733 1473 4789 montibus
1486 4736 1630 4804 collectus,
1648 4754 1714 4792 cum

909 4825 1029 4896 strepitu
1036 4825 1162 4879 maximo
1174 4823 1347 4878 torrentium
1355 4827 1405 4877 aut
1413 4824 1617 4880 inundantium
1627 4843 1714 4897 aqua-

908 4931 973 4968 rum
985 4930 1067 4967 more
1083 4914 1232 4979 lluens,et,
1250 4916 1280 4966 ut
1294 4911 1392 4984 paucis
1407 4929 1502 4983 agam,
1512 4916 1593 4968 tanta
1607 4916 1650 4967 est
1660 4914 1713 4969 loci

908 5002 983 5057 illius
998 5001 1147 5074 asperitas,
1163 5003 1261 5054 tantus
1277 5000 1427 5066 horror,ut
1443 5017 1540 5055 carcer
1552 5001 1649 5072 potius
1664 5005 1714 5055 aut

906 5090 1064 5164 purgatorii
1081 5091 1168 5155 locus,
1184 5106 1272 5160 quam
1288 5089 1424 5143 humanm
1436 5088 1499 5142 vitea
1514 5088 1711 5144 habitaculum

909 5180 963 5234 dici
976 5179 1074 5250 possit.
1094 5179 1261 5232 »Hactenus
1275 5179 1560 5240 lilomenreuna,sua
1576 5178 1637 5232 baec
1652 5174 1713 5233 iere

909 5269 1062 5335 omniunt
1086 5284 1145 5322 non
1173 5283 1239 5321 raro
1269 5265 1348 5333 alibi,
1374 5266 1530 5319 ePuteano
1555 5269 1711 5322 mutuatus.

909 5358 1001 5430 Atque
1016 5356 1056 5411 ita
1065 5357 1183 5429 quidem
1194 5359 1256 5410 turn
1269 5371 1284 5409 e
1296 5353 1462 5420 benedicto,
1472 5357 1534 5407 turn
1551 5372 1566 5410 e
1582 5354 1715 5410 Btomen-

911 5463 1014 5512 venna,
1033 5448 1072 5512 et,
1103 5444 1125 5498 si
1142 5444 1219 5512 velis,
1245 5443 1332 5497 etiarn
1359 5458 1374 5496 e
1402 5444 1713 5515 Puteanogeneratem

911 5535 1079 5610 quampiam
1091 5532 1282 5598 modolmbes,
1294 5531 1420 5585 stuidose
1436 5532 1525 5586 lector
1540 5531 1630 5586 eremi
1647 5533 1715 5589 Car·

912 5623 1013 5680 thusiae
1026 5638 1076 5677 seu
1087 5619 1221 5676 notitiam
1235 5636 1285 5675 seu
1299 5619 1539 5694 descriptionem
1554 5619 1719 5681 distinctam
