3772 5970
186 344 236 403 trs
609 330 639 390 S.
651 330 824 390 bannonis
848 326 1166 402 CARTHUSIANORUM
1186 327 1425 387 lrtsrlroroals
1658 308 1662 317 ’
1805 336 1854 391 {70

185 487 273 546 qrram
288 467 318 524 in
334 459 512 523 cluniacensi
526 479 577 520 suo
587 461 699 531 ordine,
711 458 880 517 evenissent.
892 458 1031 526 «Haelih
1046 456 1113 513 dam
1121 445 1857 530 Patribusmaguia,doctisetsanetis,magistroBru'

183 559 280 635 inquit
294 559 344 614 lib.
360 574 389 625 ιι,
404 572 467 628 cap.
484 556 564 622 28,..,
574 551 603 608 in
614 554 675 608 toto
691 550 745 606 isto
758 565 844 622 opere
854 547 995 620 principa·
1044 544 1854 620 none‚magistromoduineltalicoacquihusdamaliis.»

184 649 229 717 tis,
248 652 363 720 utsepe
376 643 514 718 jamdixi,
529 641 584 697 fuit
596 639 667 697 mihi
680 656 765 695 cause
776 637 994 704 scribendi,boc
1044 635 1151 700 Quibus
1163 636 1256 692 verbis
1270 652 1337 690 cum
1356 650 1448 708 pauca
1463 634 1568 689 saltem
1591 634 1626 689 de
1646 634 1856 695 Cartbusiensis

186 741 228 795 est
241 737 378 793 miracula
393 733 522 799 ubilibet,
539 734 567 786 et
580 729 709 802 quolibet
723 730 854 800 tempore
869 726 945 780 faeta
957 725 994 781 ad
1043 725 1153 782 ordinis
1167 725 1348 781 institutione
1357 725 1581 791 commemoret,
1591 723 1755 783 verosimile
1766 743 1855 800 appa-

185 826 371 901 proescntium
395 824 438 878 vol
460 825 643 894 posterorum
660 814 833 872 memoriam
845 815 992 870 transmit-
1042 818 1097 881 ret,
1114 813 1284 886 scriptorem
1311 814 1404 881 illum,
1421 812 1470 885 qui
1491 815 1569 868 totus
1591 812 1677 869 estin
1694 814 1856 872 referendis

184 915 303 971 tendi.»
319 912 392 969 nudi
408 911 506 976 ctiam,
524 925 587 982 quoe
602 908 658 962 buc
673 904 810 962 facientia
833 903 862 958 in
889 903 993 959 eodem
1043 903 1188 958 miraculis
1206 903 1337 975 aptabac
1350 901 1524 973 exponendi,
1542 918 1606 975 quae
1626 901 1700 958 sacri
1715 902 1791 960 illius
1814 904 1856 961 in·

184 1005 258 1061 libro
269 1002 394 1059 secundo
406 1001 499 1056 lucret
513 997 658 1071 praefatus.
676 992 846 1060 «Quoniam
861 992 897 1048 ad
909 991 994 1047 robo
1042 991 1180 1048 stituondi
1199 990 1307 1048 ordinis
1326 1007 1411 1046 eausa
1425 989 1534 1058 fuisset,
1551 990 1701 1048 occasione
1724 993 1854 1062 obtenta,

182 1093 305 1150 rendam
316 1091 404 1147 tidem
417 1087 514 1162 (verba
523 1088 591 1143 sunt
602 1085 688 1158 Petri)
700 1085 729 1140 et
738 1098 835 1140 mores
845 1080 994 1136 instituen·
1042 1081 1201 1137 luctuosam
1214 1080 1296 1152 juxta
1319 1097 1351 1135 ac
1366 1079 1564 1152 prodigiosam
1578 1079 1704 1136 doctoris
1724 1081 1855 1139 damnati

184 1181 236 1237 dos
246 1181 385 1237 miracula
397 1181 495 1234 nostro
511 1179 644 1248 tempore
653 1173 698 1229 vel
712 1169 787 1228 eirca
802 1173 901 1226 nostra
918 1173 992 1225 tem·
1042 1169 1335 1238 historiam,siloeum
1345 1185 1473 1241 unquam
1482 1169 1543 1224 haec
1550 1168 1729 1239 obtinuisset,
1740 1171 1853 1229 silentio

183 1286 256 1344 pora
271 1273 361 1343 gesta,
372 1283 496 1341 quorum
507 1263 623 1338 cognito
634 1259 854 1327 indubiadotur,
868 1257 993 1314 seribere
1042 1275 1102 1314 non
1112 1258 1197 1314 fuisse
1209 1258 1434 1332 praeteriturum.
1448 1256 1586 1313 Omnibus
1597 1257 1778 1332 itaque,quoe
1786 1260 1854 1317 Car-

183 1357 331 1432 proposui.
344 1358 411 1413 Post
423 1372 468 1423 eo,
485 1370 548 1426 quae
561 1349 710 1426 praemissa
720 1350 797 1418 sunt,
810 1347 866 1404 alia
878 1363 993 1420 quoque
1042 1347 1169 1403 thusiani
1182 1346 1321 1420 anonymi
1328 1345 1421 1402 vorbis
1427 1362 1513 1419 supra
1519 1346 1646 1402 recitatis
1655 1346 1853 1419 includuntur,

184 1447 347 1519 legentibus
368 1445 412 1500 rel
435 1440 617 1498 audientibus
635 1455 694 1495 non
708 1438 813 1505 minus,
837 1439 869 1492 ut
894 1436 992 1506 credo,
1042 1436 1202 1492 rationibus
1210 1436 1264 1491 rite
1275 1435 1416 1507 expensis,
1431 1437 1604 1508 argumento
1616 1435 1761 1509 negativo,
1776 1439 1854 1511 quod

185 1536 266 1591 utilia
281 1532 468 1607 adjungenda
480 1533 556 1586 sunt.
1043 1542 1059 1581 e
1074 1524 1152 1580 Petri
1159 1523 1334 1580 Venerabilis
1344 1523 1457 1580 silentio
1467 1525 1570 1579 contra
1580 1524 1705 1581 doctoris
1716 1525 1856 1587 parisien-

219 1626 281 1680 291.
297 1625 350 1679 «ln
367 1621 479 1696 quibus,
495 1623 527 1675 ut
541 1634 628 1690 supra
639 1616 702 1689 jam
716 1612 783 1684 dixi,
799 1615 910 1671 nullum
923 1618 995 1669 tem·
1043 1613 1080 1668 sis
1096 1613 1251 1670 anastasim
1273 1613 1428 1681 formatur,
1443 1628 1562 1668 omnem
1573 1629 1689 1684 prorsus
1699 1615 1758 1670 vim
1770 1615 1856 1672 dene·

183 1713 261 1786 poris
277 1711 410 1767 ordinem
424 1725 516 1777 servo,
531 1707 635 1762 nullius
646 1705 760 1779 generis
771 1703 911 1761 miracula
924 1702 992 1771 vito,
1043 1719 1112 1776 gare
1136 1719 1195 1758 non
1223 1702 1325 1770 crisim,
1351 1700 1403 1757 etsi
1425 1701 1542 1758 interim
1565 1703 1690 1758 multum
1712 1703 1797 1768 absit,
1823 1708 1856 1760 ut

182 1802 234 1858 sed
247 1800 319 1857 sicut
334 1817 368 1855 ea
382 1799 425 1854 vcl
440 1797 509 1853 olim
526 1795 621 1864 didici,
638 1795 682 1850 vel
699 1792 828 1866 quotidie
847 1809 864 1848 a
879 1788 994 1847 diversis
1006 1790 1032 1850 Β
1044 1791 1172 1848 1111111
1188 1791 1338 1860 assentiar,
1346 1790 1395 1864 qui
1408 1789 1437 1846 in
1451 1808 1503 1847 sua
1515 1791 1551 1847 de
1563 1808 1721 1848 veracausa
1729 1810 1854 1849 secessus

182 1880 993 1962 etfidodignisdiscercpossum,scripturaecommendo.»
1044 1880 1072 1936 S.
1090 1879 1232 1936 Brunonis
1245 1878 1276 1935 in
1292 1896 1425 1935 eremum
1440 1879 1645 1936 [dissertatione
1658 1881 1702 1937 vel
1712 1881 1749 1937 ob
1761 1882 1855 1938 solum

184 1978 221 2034 Ut
232 1978 301 2051 quid
312 1994 381 2050 ergo
391 1978 501 2042 Petrus,
515 1973 571 2041 cui,
586 1977 619 2029 ut
632 1989 665 2028 ex
677 1971 754 2026 bisce
767 1968 995 2025 recitatisrcrbis
1044 1969 1120 2026 Petri
1134 1967 1311 2025 Venerabilis
1335 1969 1371 2024 de
1391 1968 1557 2042 prodigiosa
1581 1969 1707 2026 doctoris
1728 1970 1855 2026 anastasi

185 2067 365 2139 intelligitur,
383 2080 561 2141 quacunque
582 2063 611 2116 et
631 2059 794 2132 ubicunque
810 2061 891 2130 gesta
905 2057 993 2112 mira·
1043 2058 1189 2115 silentium
1205 2056 1309 2113 fabulis
1319 2057 1550 2130 commentisque
1560 2056 1635 2112 banc
1645 2058 1856 2114 accensendam

182 2157 246 2210 cula
261 2157 291 2211 in
304 2155 414 2211 litteras
437 2152 550 2208 mittere
576 2149 756 2222 propositum
782 2148 854 2212 erat,
880 2145 994 2201 silentio
1044 2150 1186 2205 autumat.
1196 2147 1230 2201 Et
1240 2163 1318 2215 vero,
1333 2164 1399 2202 cum
1410 2148 1511 2202 Petrus
1527 2146 1584 2218 (adi
1596 2146 1658 2218 ejus
1672 2146 1760 2203 verba
1773 2164 1855 2203 num.

195 2239 340 2312 '‘rretcriit
355 2243 377 2298 si
399 2243 507 2299 factum
521 2255 651 2312 unquam
666 2237 711 2306 sit,
731 2235 908 2292 horrendum
925 2233 995 2290 illud
1044 2236 1168 2312 praeccd.
1184 2235 1314 2307 recitata)
1332 2234 1438 2290 diserte
1467 2233 1605 2303 affirmet,
1620 2251 1681 2291 sese
1695 2251 1772 2304 rara,
1796 2235 1856 2292 imo

182 2335 358 2411 prodigium,
375 2349 432 2406 quo
448 2332 548 2386 doctor
562 2325 727 2384 Parisiensis
740 2325 881 2396 tantisper
892 2323 996 2379 rediri·
1044 2324 1200 2392 rarissima,
1215 2340 1279 2396 quae
1295 2323 1331 2377 ad
1347 2322 1481 2378 ordinem
1498 2322 1731 2378 carthusiensem
1746 2327 1858 2397 specta·

180 2442 242 2492 vus,
264 2425 342 2497 justo
353 2421 403 2478 Dei
412 2417 559 2492 judiciose
572 2416 754 2482 damnatum,
768 2413 881 2487 publice
895 2428 993 2468 coram
1044 2416 1120 2481 rent,
1133 2412 1279 2485 fidemque
1295 2411 1497 2467 omnimodam
1510 2415 1703 2480 mererentur,
1718 2412 1859 2469 miracula

181 2513 337 2570 innumera
351 2506 564 2583 propemodum
580 2503 679 2578 populi
692 2501 878 2558 multitudiue
896 2501 995 2556 efere·
1044 2501 1226 2570 intellexisse,
1259 2517 1351 2572 eaque
1373 2499 1570 2567 nihilominus,
1600 2517 1664 2572 quae
1696 2500 1859 2558 indubitata

180 2606 226 2658 tro
238 2598 444 2674 proclamarit‘?
454 2596 502 2652 Ais
512 2594 640 2668 quidem,
652 2593 745 2648 multa
755 2591 810 2647 alia
822 2589 995 2662 prodigiaac
1044 2608 1115 2658 csse,
1131 2587 1283 2661 comperit,
1307 2588 1408 2644 litteris
1423 2588 1587 2652 mandasse,
1613 2588 1676 2644 fieri
1692 2592 1798 2661 potest,
1827 2594 1858 2647 ut

181 2691 320 2748 miracula
342 2688 455 2744 silentio
481 2684 620 2759 paritcra
641 2682 726 2736 Petro
750 2679 870 2746 involvi3
894 2695 995 2733 verum
1044 2679 1213 2736 horribilem
1230 2677 1355 2734 doctoris
1381 2676 1511 2732 damnati
1525 2675 1687 2746 historiam,
1711 2682 1742 2733 ut
1757 2682 1789 2734 ut
1804 2680 1858 2737 sibi

181 2781 290 2848 isthaec,
318 2795 381 2851 quac
406 2774 514 2848 pariter
542 2772 578 2826 ab
605 2770 659 2826 hoc
684 2768 822 2843 scriptore
847 2784 906 2823 non
933 2784 994 2822 me·
1045 2785 1105 2824 non
1121 2766 1566 2840 ignotam,comn1cmorandam
1580 2783 1639 2822 non
1648 2766 1770 2837 duxerit,
1780 2768 1858 2841 quod

181 2872 343 2935 morantur,
359 2868 426 2921 sunt
436 2861 611 2934 hujusmodi,
628 2862 660 2914 ut
670 2858 753 2914 facilc
764 2857 800 2913 ab
811 2873 845 2913 co
858 2857 899 2912 vcl
912 2856 994 2928 igno·
1045 2875 1121 2924 eam,
1133 2860 1233 2929 utpote
1252 2873 1341 2929 quam
1355 2855 1430 2910 forte
1449 2854 1533 2909 nullis
1553 2870 1672 2927 prorsus
1693 2855 1858 2913 litterarum

180 2959 249 3024 rari,
274 2958 317 3012 vel
334 2973 400 3010 cum
425 2951 574 3016 scriberet,
597 2949 627 3004 in
648 2946 792 3004 memoria
808 2962 866 3000 non
882 2942 994 3012 baberi,
1046 2944 1253 3012 monumentis,
1270 2945 1321 3000 sod
1336 2943 1397 2999 sola
1411 2942 1567 2998 traditione
1581 2944 1714 3018 populive
1723 2944 1857 3002 famain·

180 3049 224 3103 vel
239 3045 363 3117 denique
387 3043 464 3098 velut
489 3037 585 3094 minus
610 3040 712 3093 notatu
738 3035 826 3108 digna
854 3032 995 3107 praeteriri
1045 3035 1208 3102 tellerissct,
1222 3050 1274 3107 pro
1291 3032 1410 3089 ornnino
1427 3035 1603 3105 certantque
1618 3032 1782 3090 indubitata
1798 3051 1856 3091 nou

181 3121 997 3208 potuerint.btvcroParisienseprodigiurn,utpotequod
1045 3125 1176 3180 haberet.

182 3225 212 3279 iu
228 3223 472 3294 opiniono‚quam
486 3215 716 3280 biediseutimus,
731 3229 829 3268 coram
842 3210 997 3266 innumera
1047 3229 1151 3300 §xpp
1170 3227 1244 3295 Qum
1271 3229 1302 3283 de
1326 3229 1452 3288 alimum,
1475 3243 1540 3299 qm„
1565 3227 1704 3287 Lampus
1727 3237 1859 3301 mma

184 3309 396 3384 propemodum
412 3304 509 3378 populi
522 3301 706 3357 nrultitudine
717 3301 838 3365 factum,
852 3300 997 3371 longeque
1083 3299 1187 3364 laudat,
1213 3302 1372 3372 scriptorum
1396 3299 1569 3370 oretipuoram
1589 3301 1697 3358 silentio
1720 3302 1861 3357 1111ιὶ111-

183 3400 305 3474 proinde
321 3415 353 3452 ac
368 3398 426 3452 late
444 3393 622 3463 divulgatum
638 3393 725 3462 atque
744 3389 781 3444 ad
797 3388 998 3461 posteritatem
1085 3372 1152 3426 bfflf·

182 3487 384 3547 transmissum
397 3483 506 3547 luisset,
523 3478 651 3552 ignorari
663 3477 740 3534 baud
751 3477 833 3532 facile
846 3477 881 3532 ab
894 3477 998 3532 eodem
1083 3482 1145 3535 196.
1158 3477 1548 3551 lnterscriptoresantiquos,
1558 3477 1680 3547 silendo,
1690 3480 1863 3536 utvultbau·

184 3580 268 3634 Petro
286 3575 536 3649 potuissot‚aquo
564 3567 653 3624 etiam
678 3565 810 3639 proinde,
838 3568 938 3636 utpote
960 3564 998 3619 si·
1049 3567 1864 3640 nouis,prodigiosamdoctorisParisiensisanestasima

185 3669 245 3724 mul
259 3669 287 3720 et
302 3666 403 3720 notatu
421 3658 635 3733 dignissimum,
652 3659 681 3710 et
701 3655 840 3711 adfinem
857 3656 1000 3725 preterea
1047 3674 1116 3714 vero
1123 3657 1248 3711 alienam
1259 3658 1388 3724 testatos,
1401 3656 1556 3712 essentiam
1564 3658 1729 3726 nonnullos,
1737 3674 1862 3730 quorum

186 3740 1001 3816 apetroiutentum,scuaadfidem(adiejusverhaproxi-
1049 3745 1196 3801 silentium
1209 3748 1259 3800 aut
1274 3745 1362 3811 nulla,
1379 3748 1428 3800 aut
1444 3745 1527 3800 valde
1547 3744 1650 3818 exigua
1665 3748 1768 3801 eontra
1789 3747 1864 3802 hano

189 3862 236 3900 mc
251 3842 380 3912 recitata)
395 3836 615 3894 roborandam»
635 3835 785 3905 bonosque
802 3848 899 3887 mores
914 3830 1001 3902 inspi·
1049 3834 1077 3889 vi
1092 3834 1192 3905 pollet,
1202 3831 1503 3906 jamsupraindicavi.
1515 3834 1621 3889 Verum
1631 3833 1675 3901 iis,
1691 3832 1727 3889 de
1738 3851 1864 3908 quorum

188 3933 295 3990 raudos
307 3933 393 4001 longe
409 3925 592 3999 aptissimum
602 3921 804 3978 verosimiliter
816 3923 845 3974 et
859 3918 888 3973 in
902 3921 1001 3974 mente
1051 3920 1164 3977 silentio
1180 3920 1291 3976 duobus
1304 3921 1435 3994 proxime
1450 3921 1616 3994 praegressis
1632 3925 1663 3992 ἐξ
1675 3922 1806 3990 disserui,
1819 3923 1865 3978 bic

190 4021 332 4085 habitum,
350 4020 379 4071 et
397 4014 660 4069 commemoratum
675 4009 784 4077 fuisset,
800 4007 1001 4063 inarimecum
1052 4010 1144 4066 adbuc
1167 4026 1201 4064 ex
1216 4009 1363 4064 recensitis
1382 4028 1399 4065 a
1415 4010 1541 4066 Launoio
1571 4011 1641 4066 alios
1666 4013 1832 4080 nonnullos,
1849 4029 1866 4067 a

192 4111 291 4164 Petrus
299 4107 328 4162 in
336 4120 421 4176 super
431 4101 558 4156 studium
569 4103 597 4154 et
605 4115 725 4170 operam
735 4096 872 4170 posuerit,
885 4099 926 4165 ut,
938 4114 1001 4169 quaa
1052 4100 1146 4154 Bulaeo
1159 4098 1188 4153 in
1204 4098 1400 4153 Universitatis
1420 4099 1585 4154 Parisiensis
1601 4098 1724 4154 historia
1738 4103 1759 4156 t.
1780 4102 1792 4156 l
1814 4101 1865 4156 ad-

192 4185 1003 4258 adordinemCarthasieoscmspectabant,miraculauo-
1053 4189 1162 4255 ductos,
1177 4187 1283 4242 addere
1291 4187 1396 4243 idcirco
1411 4187 1501 4254 lubet,
1518 4187 1595 4261 quod
1606 4188 1865 4245 illorumomnium

194 4288 343 4357 docunque
354 4280 548 4352 conquireret,
556 4278 762 4348 compertaque
771 4274 934 4329 litterarum
942 4291 1004 4330 mo·
1052 4276 1199 4332 silentium
1212 4279 1314 4331 contra
1327 4276 1403 4331 hunc
1424 4275 1606 4349 scriptorem,
1633 4276 1751 4332 maximi
1769 4277 1799 4333 id
1822 4278 1867 4332 fa-

196 4373 343 4430 numcntis
358 4368 553 4439 consignaret,
570 4365 610 4419 uti
626 4364 749 4435 ipsemet
763 4362 836 4419 libro
851 4381 880 4431 u,
894 4379 957 4435 cap.
970 4347 1040 4418 291)
1054 4365 1189 4431 cientem,
1218 4363 1322 4419 nullius
1343 4380 1459 4438 prorsus
1483 4381 1543 4419 esse
1570 4364 1682 4420 roboris
1707 4366 1867 4421 contendat

197 4463 305 4518 indicat
319 4459 395 4514 bisce
412 4455 512 4511 verbis.
533 4474 548 4506 «
561 4454 646 4509 hiulta
661 4450 780 4524 quidem
804 4451 833 4506 in
854 4452 902 4507 illo
923 4469 1004 4508 sacro
1055 4453 1259 4510 Caribusianus
1273 4469 1445 4525 anonymus,
1453 4453 1609 4508 Annalium
1618 4453 1727 4508 ordinis
1742 4453 1785 4508 sui
1800 4453 1866 4510 libri

198 4539 1004 4623 (Cartlrusiensiumscilicet)ordinemiraculacontigisse,
1055 4541 1681 4615 quartihactenusnonvulgatiauctor,cujus
1691 4545 1868 4614 argumenta

199 4659 215 4695 a
232 4639 359 4714 pluribus
369 4635 476 4707 accepi,
490 4633 540 4687 scd
555 4630 623 4703 quia
639 4629 690 4702 ipsi
703 4628 874 4684 humilitatis
889 4630 1004 4696 virtuto,
1056 4629 1167 4697 ornnia,
1188 4628 1313 4684 doctoris
1332 4628 1462 4684 damnati
1486 4628 1612 4684 historice
1640 4633 1787 4702 utcunque
1810 4631 1868 4687 suf·

199 4746 256 4802 qua
268 4741 384 4798 semper
397 4722 469 4778 servi
484 4721 533 4777 ltei
549 4718 682 4774 miranda
704 4734 792 4789 opera
818 4735 879 4786 sua,
897 4720 1006 4790 quanto
1055 4716 1211 4790 fragantia,
1227 4717 1256 4772 in
1271 4717 1400 4772 medium
1418 4717 1502 4773 statui
1514 4718 1655 4789 proferre.
1671 4719 1695 4772 Α
1713 4717 1867 4791 Sigeberto

200 4819 320 4891 possunt
334 4814 408 4880 nisu,
421 4810 575 4877 occultant,
590 4809 642 4864 vix,
653 4805 762 4878 aliquid
776 4822 810 4860 ex
825 4805 869 4860 his
883 4806 1007 4877 prodere
1056 4805 1253 4861 Gcnrblacensi
1268 4805 1341 4860 duco
1367 4805 1491 4862 initium.
1514 4805 1562 4861 llic
1579 4806 1608 4862 in
1632 4807 1869 4881 chronographia

200 4906 287 4979 aliqui
313 4903 475 4959 volucrunt.
507 4900 594 4966 ltere,
625 4895 684 4951 imo
711 4894 876 4959 rarissima,
904 4895 1008 4967 quihus
1056 4893 1870 4952 adanuumlddtdesanctoBrunonesicscribitszru·

201 4992 372 5050 onrnimoda
387 4990 458 5044 fidos
474 4984 723 5042 accommodanda
735 4988 819 5052 essct,
836 4983 872 5038 ad
888 5001 935 5039 me
952 4983 1008 5039 mi·
1057 4982 1870 5058 nonatione'leutonicusexurbeColonia,litterisappri·

201 5084 298 5139 rocula
310 5079 520 5153 pervenerunt,
532 5092 596 5147 quse
605 5077 701 5129 tamm
714 5073 822 5144 absque
833 5071 919 5128 dubio
930 5088 1009 5128 com·
1056 5089 1104 5128 me
1113 5071 1251 5139 eruditus,
1262 5072 1409 5127 flamensis
1419 5071 1544 5128 ecclesiae
1554 5071 1708 5129 canonicus
1718 5075 1746 5128 11
1755 5074 1868 5129 schola·

201 5173 273 5243 peri,
289 5174 383 5225 tacere
403 5184 456 5223 nee
468 5166 542 5234 volo,
557 5180 610 5219 nec
623 5161 769 5236 proposui.
786 5181 802 5213 s
1056 5177 1122 5217 rum
1141 5161 1289 5234 magister,
1306 5160 1406 5216 relicto
1427 5162 1688 5229 saec1do‚eremum
1708 5161 1869 5218 Cartbusiae

237 5263 299 5316 295.
320 5258 363 5312 ltd
377 5258 439 5311 liare
460 5257 559 5309 Petrus
575 5252 625 5307 lib.
649 5267 679 5317 ιι,
702 5266 765 5321 cap.
790 5252 823 5305 28
838 5247 877 5305 sic
892 5249 1006 5307 scribit:
1056 5249 1870 5322 fundat,propositumquemonasticaeconversatiouissa·

203 5349 358 5404 «Servatur
367 5343 394 5398 in
404 5338 1007 5415 burgundiaefinibusintoromnesEuropae
1056 5338 1869 5411 tisarduuminstituitllnjussanctipropositicooperator

203 5439 308 5489 nostrae
315 5431 465 5488 monastici
473 5431 582 5486 ordinis
587 5426 922 5503 professioncsprofessio
932 5444 1008 5499 quoe·
1056 5432 1085 5483 11
1095 5428 1346 5482 aemulatorbeatae
1359 5427 1510 5483 memoriae
1524 5428 1615 5500 liugo,
1627 5427 1869 5498 Gratianopolita-

203 5522 281 5586 dam,
291 5519 459 5576 multisaliis
472 5519 603 5589 cJ'usdem
618 5516 768 5574 monastici
785 5514 924 5589 propositi
938 5532 1004 5572 san·
1056 5533 1109 5574 nus
1124 5516 1273 5588 episcopus
1288 5518 1323 5573 ah
1338 5517 1443 5573 eodem
1458 5517 1592 5573 Brunone
1613 5516 1747 5574 habitum
1762 5534 1866 5574 mona-

204 5610 275 5669 otior
283 5609 440 5674 ementior,
451 5606 581 5664 instituta
589 5609 687 5663 nostro
703 5610 867 5679 tempores
888 5604 1003 5678 quibus·
1055 5605 1167 5663 obicum
1178 5605 1310 5678 sumpsit,
1325 5604 1868 5682 cunctisqueibihabitautibuainsigne
