3772 5976
70 271 123 324 125
860 265 951 325 ACTA
1686 282 1736 335 {26

70 393 270 461 Quodtamen
283 409 342 451 non
361 396 448 468 plane
471 397 583 465 asserit,
600 395 651 451 sed
671 396 786 450 tantum
798 390 880 449 dubi·
892 390 1051 455 Ahistoria
1065 393 1285 470 quaelibetsrera
1300 396 1507 469 pronuntietur
1524 403 1574 455 aut
1589 400 1672 469 falsa,
1689 403 1738 459 ad·

71 485 162 540 tando
175 484 274 540 addita
289 486 343 541 hac
358 487 535 558 parenthesi,
555 486 665 558 «siqua
676 483 800 539 narratis
811 483 882 536 fides
926 480 1253 552 junctorumduntarrat,
1264 486 1368 558 quibus
1379 503 1395 540 a
1401 487 1545 558 primaevis
1561 505 1592 542 ac
1604 490 1736 545 omnium

71 590 89 626 e
103 573 273 630 adhibenda
288 575 335 630 sit.
351 597 366 625 n
390 576 491 632 Noster
504 593 573 631 roro
595 575 690 641 Sutor,
709 573 756 645 qui
776 571 881 627 eodem
930 570 1152 643 antiquioribus,
1169 592 1227 629 non
1246 579 1344 630 autem
1361 575 1449 630 etiam
1475 593 1587 642 eorum,
1604 579 1737 649 quibusa

72 664 208 733 tempore
224 663 348 732 vivebat,
367 667 453 736 paulo
470 669 624 737 postsuum
636 666 676 720 De
692 660 881 718 Carthusiana
929 662 995 729 post
1009 661 1112 716 secutis
1135 663 1322 734 scriptoribus
1343 680 1396 737 pro
1417 665 1536 721 arbitrio
1559 664 1613 720 fuit
1626 666 1735 734 vestita,

70 748 881 821 ritatractatumedidit‚eornmdemverborummeminit
929 747 1002 802 ratio
1018 748 1054 803 sit
1067 751 1211 805 habenda.
1265 807 1268 811 ,

71 839 205 910 quidem,
235 862 249 891 a
264 841 325 908 sed,
342 841 445 914 inquit,
462 841 712 915 quemadmodum
727 839 880 910 scriptores
929 837 1016 904 §xli
1041 839 1203 894 Testimooio
1227 844 1398 914 scriptoram,
1424 842 1517 897 secato
1539 843 1639 898 decimo
1665 849 1737 899 serto
1823 846 1826 850 '

69 946 87 980 ‹
97 929 235 984 nonnulli
248 929 457 998 meminerunt,
474 931 585 986 canteris
599 930 654 986 hoe
675 927 846 984 tacentibus.
863 947 877 976 a
965 928 1139 995 anteriorum,
1151 930 1201 1000 qui
1213 926 1410 984 Certliusr'ensis
1427 929 1531 985 ordinis
1545 948 1599 985 raon
1608 931 1733 1001 fuerant,

70 1015 157 1072 Certe
168 1034 282 1085 omnes,
299 1023 443 1091 quotquot
457 1021 588 1093 superius
604 1022 735 1075 auctores
751 1016 879 1091 prodidi·
960 1013 1158 1084 producuntur.

70 1122 149 1173 mus,
165 1106 195 1161 id
210 1110 372 1162 tacuerunt.
389 1107 442 1173 Qui
458 1125 525 1163 vero
556 1107 673 1176 suerint,
704 1106 781 1178 apud
808 1120 880 1177 quos
966 1104 1044 1158 Inter
1068 1109 1199 1162 auctores
1223 1107 1271 1178 qui
1301 1107 1410 1164 ordinis
1439 1108 1646 1164 carthusiensis
1675 1126 1735 1165 non

69 1191 880 1268 Sutorhujusadjunotimentionemlengeritmonhabct.
929 1189 1021 1258 suere,
1038 1197 1124 1265 atquo
1140 1199 1209 1250 ante
1223 1197 1483 1253 sarculumsextum
1500 1197 1646 1253 decimum
1656 1198 1735 1254 Pari·

70 1283 735 1358 lntereostamemcensemusfuissepraelatum
742 1283 882 1338 Vilaesan-
930 1280 1015 1336 siensi
1031 1281 1156 1337 doctoris
1165 1285 1280 1340 redivivi
1292 1285 1433 1357 Tprodigio
1447 1287 1645 1342 testimonium
1661 1303 1735 1358 prae-

70 1371 109 1426 eti
118 1372 263 1428 Brunonis
273 1376 421 1430 auctorem
433 1374 776 1446 anonymum.»Alterum
784 1372 881 1443 itaque
930 1369 1029 1435 buere,
1042 1371 1163 1426 Caesario
1172 1371 1387 1441 Eisterbacensi,
1395 1374 1443 1446 qui
1450 1377 1552 1430 saeculo
1563 1374 1734 1430 duodecimo

71 1459 174 1515 ebinis
190 1477 278 1533 supra
296 1462 379 1518 dietis
404 1463 545 1536 adjunctis
562 1463 657 1536 primo
684 1463 881 1516 memoratum
931 1461 1287 1532 senescenteetsequentis
1297 1461 1378 1518 initio
1387 1463 1495 1529 floruit,
1502 1463 1630 1536 primum
1639 1464 1735 1518 locum

70 1547 218 1606 invenitur
227 1566 245 1606 a
254 1551 366 1607 duobus
381 1552 476 1607 seculi
486 1551 556 1607 serti
567 1551 671 1606 decimi
684 1550 879 1623 scriptoribus,
931 1549 1065 1603 concedit
1077 1549 1234 1605 Annalium
1246 1551 1489 1606 carthusiensium
1503 1552 1567 1607 libri
1583 1552 1678 1623 quarti
1687 1568 1735 1606 au·

72 1654 199 1711 quorum
208 1640 282 1694 alter
295 1657 361 1695 curn
372 1657 431 1696 non
443 1640 645 1707 asseverando,
662 1639 712 1694 sed
722 1638 880 1694 dubitando
931 1640 1169 1709 otoranonymus.
1178 1641 1358 1696 Verumcum
1367 1641 1547 1697 eaduntarat
1556 1639 1734 1709 testimonia,

70 1726 568 1800 duntaxatloquatur,satisindicat,
580 1731 712 1785 auctores
723 1727 799 1801 apud
808 1716 916 1799 quosB
931 1743 995 1798 quae
1008 1744 1061 1800 pro
1076 1729 1243 1801 prodigiosa
1257 1729 1383 1786 doctoris
1404 1730 1570 1786 Parisiensis
1597 1729 1733 1797 anastasi,

69 1815 126 1871 boc
143 1816 315 1889 adjunctum
336 1817 465 1891 legisset,
481 1835 596 1890 magnae
616 1835 670 1874 nec
691 1815 879 1889 antiquitatis,
929 1820 1084 1888 secuteque
1098 1817 1175 1884 hinc,
1190 1821 1223 1873 ut
1232 1818 1292 1889 ejus
1307 1818 1571 1890 biographiatiique
1580 1817 1734 1890 scriptores

69 1921 124 1959 nec
145 1905 323 1961 auctoritatis
336 1906 435 1976 fuisse3
453 1908 526 1962 alter
545 1924 624 1974 vero,
646 1923 712 1961 cum
737 1908 878 1973 auctores,
922 1904 1106 1976 ,antiquiores
1126 1907 1170 1961 vel
1194 1922 1280 1977 supra
1291 1907 1355 1977 jam
1376 1906 1484 1961 laudati
1503 1907 1548 1961 vel
1572 1905 1648 1960 inira
1665 1921 1732 1960 mox

68 1992 149 2063 apud
163 1993 879 2065 quosilludinvenisset,nonnominetiacerenon
929 1990 1732 2066 laudantimemoriaeprodunt,Sanetinostriineremurn

66 2084 174 2152 potest,
194 2084 227 2136 ut
242 2082 327 2140 hosce
342 2101 429 2156 supra
441 2083 599 2151 recensitis,
616 2082 665 2156 qui
680 2083 812 2155 ejusdem
827 2081 878 2137 ad·
928 2096 1040 2139 secessu
1059 2085 1140 2138 extra
1159 2099 1279 2138 omnem
1304 2083 1531 2139 controversiam
1552 2081 1688 2149 militant,
1701 2080 1732 2136 in

63 2167 159 2239 juncti
184 2186 246 2226 non
268 2171 479 2241 meminerunt,
501 2173 593 2228 multo
619 2171 796 2228 recentiores
819 2187 878 2226 non
928 2169 1059 2224 medium
1072 2169 1119 2225 bie
1144 2171 1305 2242 producere
1319 2171 1355 2226 sit
1376 2169 1730 2243 dxum‚reperianturque,

68 2255 157 2313 inisse
172 2262 320 2331 putemus.
928 2257 976 2329 qui
988 2258 1109 2315 Caesario
1122 2260 1157 2315 de
1168 2259 1320 2315 Parisiensi
1330 2259 1456 2317 doctoris
1466 2259 1587 2315 redivivi
1598 2257 1732 2330 prodigio

99 2348 163 2402 214.
178 2346 244 2403 lam
258 2365 337 2414 vero,
352 2365 420 2404 euru
441 2348 473 2405 id
482 2348 524 2405 ita
537 2346 584 2417 sit,
601 2353 710 2416 manet,
722 2348 877 2422 prefatum
926 2363 1094 2404 sermonem
1111 2366 1170 2405 non
1195 2366 1256 2404 esse
1271 2349 1371 2417 velint,
1386 2347 1533 2420 scriptoris
1548 2348 1633 2419 hujus
1652 2346 1732 2402 testi·

66 2434 239 2500 adiunctum
253 2435 330 2508 apud
345 2437 499 2509 scriptores
519 2437 706 2510 antiquiores,
724 2437 773 2509 qui
786 2437 876 2493 ferale
926 2436 1115 2505 monium,de
1126 2454 1182 2509 quo
1190 2441 1289 2493 tamen
1296 2438 1547 2510 quidcensendum
1555 2436 1591 2493 sit
1598 2438 1730 2509 separato

65 2522 195 2580 doctoris
205 2525 767 2598 Parisicnsisspectaculumvelomnium
776 2524 874 2597 primi,
927 2527 941 2594 5
956 2524 1033 2580 inira
1044 2526 1206 2593 discutiam,
1224 2527 1269 2582 hic
1281 2528 1368 2583 modo
1377 2545 1436 2583 non
1449 2527 1616 2592 recensebo,
1627 2525 1730 2581 utinee

63 2613 109 2668 vel
123 2613 215 2668 etiam
227 2614 359 2686 proxime
374 2617 439 2687 post
468 2615 553 2670 hosce
570 2615 600 2670 in
620 2614 731 2670 litteras
758 2613 873 2682 misere,
924 2629 1011 2685 supra
1026 2617 1234 2682 memoratum,
1249 2616 1337 2687 quod,
1354 2616 1407 2670 etsi
1421 2614 1610 2682 Theoderico,
1631 2613 1730 2669 abbati

64 2718 126 2757 non
136 2701 452 2772 inveniri.Necest,cur
462 2703 873 2776 hicopponas'sheodoricum,
923 2703 1200 2775 Trudonopolitano,
1217 2721 1234 2759 a
1248 2704 1396 2761 nonnullis
1408 2704 1561 2770 tribuatur,
1576 2701 1729 2774 suppositi·

64 2790 205 2846 abbatem
217 2791 528 2864 Trudonopolitanum,
545 2791 604 2865 qui,
618 2792 875 2864 :quemadmodum
924 2790 997 2846 tium
1005 2793 1220 2865 tamen,utjam
1229 2792 1616 2864 innui,commentitiumque
1623 2789 1729 2847 verosi·

63 2880 201 2935 nonnulli
215 2879 306 2950 aiunt,
322 2881 353 2937 in
365 2882 476 2949 libro,e
492 2883 534 2937 Ile
550 2897 630 2937 saera
646 2883 814 2954 temporum
827 2899 874 2938 ra·
925 2880 1049 2936 millime
1063 2899 1134 2951 esse,
1149 2883 1226 2938 inira
1236 2882 1358 2939 dicenda
1372 2882 1512 2954 aperient.
1529 2883 1672 2936 Praeterea
1682 2879 1730 2934 hie

63 2967 173 3023 tione»
188 2967 337 3041 inscripto,
353 2969 394 3025 ita
407 2972 570 3026 memorat:
593 2988 610 3022 a
625 2970 736 3025 Abhinc
761 2970 908 3063 dicrumc
924 2968 1023 3037 etiam,
1039 2970 1116 3043 quod
1132 2972 1169 3027 ad
1187 2973 1345 3027 Annalium
1361 2971 1607 3027 Carthusiensium
1627 2968 1693 3025 libri
1710 2970 1728 3023 t

64 3057 736 3131 nostrorumannisseptem‚Gregorioseptimo
747 3059 874 3131 primam
923 3060 1040 3113 auctore
1062 3075 1209 3131 anonymo
1227 3060 1373 3133 profertur
1394 3059 1603 3126 testimonium,
1627 3075 1644 3113 a
1663 3056 1729 3112 libri

65 3144 237 3200 cathedram
244 3150 481 3217 occupante,cum
488 3163 581 3202 essem
590 3146 704 3202 Parisiis
712 3147 873 3203 studiorum
922 3145 999 3203 inira
1013 3149 1207 3217 memorandi,
1219 3151 1268 3223 qui
1283 3151 1348 3205 «De
1359 3152 1483 3221 quatuor
1495 3146 1622 3203 Paradisi
1634 3144 1728 3201 flumi-

65 3246 163 3301 eausa,
175 3250 239 3289 rem
252 3234 309 3292 vidi
317 3235 514 3308 prodigiosam
532 3252 565 3290 ac
579 3236 660 3292 omni
676 3235 873 3293 memoriadi·

66 3336 170 3395 gnam,
184 3339 239 3379 nec
250 3325 326 3380 solus
337 3324 459 3380 miratus
472 3342 547 3392 sum,
556 3327 648 3381 Deum
663 3326 793 3381 laudans.
802 3327 874 3382 Mor·

64 3411 132 3466 tuus
147 3415 191 3467 est
205 3413 334 3481 clericus,
349 3413 655 3469 nomineRaimundus
667 3413 811 3483 ltilleban,
824 3415 874 3470 tri-

58 3497 114 3554 bus
126 3499 230 3556 diebus
241 3501 365 3558 alternis
378 3502 482 3559 eadem
499 3501 587 3557 oisseii
601 3503 684 3572 bora,
696 3503 874 3575 quadieeba·

61 3588 217 3658 eulatie,
227 3608 293 3664 quae
301 3591 743 3665 sicincipit‚<‹llespandemihis>
751 3593 873 3648 surrexit

59 3676 208 3746 eleretro,
220 3682 249 3734 et
258 3696 326 3735 voce
340 3680 471 3736 horribili
479 3680 626 3736 clamarit:
644 3700 659 3733 e
675 3680 754 3736 iusto
766 3681 814 3736 Lei
828 3682 873 3753 ju·

64 3765 164 3822 edicio
174 3770 322 3824 accusatus
331 3785 393 3824 sum
399 3767 552 3837 ,asecundo
559 3784 567 3824 ι
574 3769 764 3836 «iudicatus»
775 3770 870 3826 tertio:

62 3855 318 3926 «condemnatum
336 3873 393 3929 quo
409 3858 496 3927 dieto,
524 3858 644 3914 cessavit
660 3857 756 3913 omnis
780 3860 872 3914 clerus

62 3948 196 4011 orare,et
211 3946 247 4000 ab
261 3945 381 4002 ecclesia
399 3946 533 4018 protinus
542 3947 664 4002 cadaver
679 3948 804 4019 ejectum
817 3950 870 4014 est,

61 4036 92 4088 et
106 4032 222 4089 asinina
231 4035 381 4106 sepultura
395 4035 548 4103 donatum3
564 4058 575 4081 ο
593 4035 647 4090 hoc
658 4036 742 4090 enim
751 4041 811 4091 tam
827 4038 870 4092 lu·

61 4121 214 4177 enlentum
228 4139 281 4195 pro
297 4123 465 4196 prodigiosa
480 4123 607 4179 doctoris
620 4123 785 4179 Parisiensis
799 4142 871 4180 ana·

923 3237 1028 3293 nibus»
1042 3237 1217 3305 inscribitur,
1234 3241 1352 3311 auctore
1367 3237 1595 3311 suppeditatum.
1612 3233 1726 3290 Etenim

922 3327 1081 3382 secundum
1101 3327 1156 3382 hoc
1166 3326 1332 3400 prodigiosa
1341 3327 1467 3383 doctoris
1480 3323 1646 3382 Parisiensis
1659 3339 1728 3379 ana-

921 3416 1003 3472 stasis
1019 3433 1078 3472 non
1094 3415 1125 3470 in
1138 3416 1265 3472 Ecclesia
1271 3420 1322 3471 aut
1332 3416 1445 3490 publice
1457 3432 1558 3472 coram
1571 3414 1728 3469 innumera

922 3504 1021 3577 populi
1036 3503 1232 3572 multitudiue,
1243 3504 1294 3560 sed
1301 3503 1472 3577 privatimin
1482 3501 1727 3559 deiunctioedibus

921 3609 1021 3649 coram
1041 3594 1139 3666 paucis
1163 3594 1287 3665 solisque
1313 3593 1398 3665 hujus
1422 3592 1523 3648 amicis
1544 3590 1656 3659 evenit;
1680 3589 1727 3644 bic

921 3686 1020 3738 autem
1030 3700 1064 3738 ea
1074 3683 1223 3750 duntaxat,
1231 3699 1294 3755 quaa
1303 3682 1468 3738 horandum
1480 3681 1550 3736 illud
1560 3678 1726 3752 prodigium

921 3772 1034 3844 publice
1062 3772 1171 3827 iactum
1199 3772 1365 3843 perhibent,
1394 3769 1562 3825 testimonia
1581 3764 1726 3823 recenseri

920 3877 1047 3935 praesens
1058 3860 1218 3916 institutam
1230 3859 1328 3932 exigit.
1345 3861 1386 3914 En
1403 3859 1502 3925 modo,
1514 3874 1578 3930 quae
1594 3857 1649 3911 huc
1659 3871 1725 3926 spe·

921 3952 1011 4019 etant,
1026 3968 1060 4006 ex
1080 3949 1236 4005 Annalium
1258 3947 1505 4004 Carthusiensium
1527 3947 1600 4002 libro
1620 3947 1724 4018 quarto

919 4041 1058 4096 hactenus
1072 4056 1132 4095 non
1145 4040 1271 4110 vulgato,
1288 4038 1502 4109 saepissimeque
1522 4036 1585 4108 jam
1607 4034 1724 4090 laudato

920 4129 1073 4200 descripta,
1089 4144 1147 4183 una
1161 4144 1226 4183 eum
1250 4126 1508 4194 observationibus,
1530 4141 1600 4197 quas
1620 4124 1724 4180 iisdem
1781 4122 1786 4129 '

59 4208 130 4265 ear
141 4209 355 4277 testimonium,
373 4212 451 4283 quod
463 4212 549 4280 hanc,
561 4211 585 4268 si
606 4212 787 4280 Theoderici,
803 4229 869 4270 ocu·
919 4217 985 4274 libri
1000 4210 1075 4272 illius
1082 4219 1182 4272 auctor
1197 4232 1362 4290 anonymus
1377 4214 1540 4271 admiscuit.

60 4297 123 4366 lati,
133 4301 167 4353 ut
179 4299 268 4354 verba
280 4298 402 4356 recitata
408 4300 544 4368 innuunt,
551 4299 593 4354 rei
603 4303 691 4373 gestia
701 4301 791 4370 testis,
803 4294 906 4358 vereD
954 4307 1144 4362 2l6.«Exstat
1152 4304 1485 4378 etiamnum,inquithic,
1501 4302 1578 4375 apud
1585 4303 1725 4359 Montem-

60 4389 145 4456 esset,
156 4390 238 4443 extra
248 4404 368 4444 omnem
379 4389 605 4445 controversiam
613 4393 746 4460 poneret,
762 4393 869 4449 verosi·
919 4396 971 4453 Dei
980 4411 1107 4451 crassum
1118 4397 1266 4464 volumen,
1281 4395 1393 4468 optima
1408 4393 1583 4449 membrana
1597 4390 1723 4448 conscri-

59 4475 194 4544 millime,
211 4492 248 4531 ne
258 4476 353 4532 dicam
368 4476 499 4545 indubie,
515 4479 747 4534 commentitium
758 4483 811 4548 est,
827 4481 868 4536 uti
918 4489 1013 4559 ptum,
1023 4482 1618 4555 contineusVitassanctorum,quodsecum
1629 4480 1725 4537 attulit

58 4561 138 4618 infra
151 4563 497 4628 ostendam·ttu0dmodo
512 4565 550 4621 ad
560 4569 700 4622 assertam
715 4570 867 4626 aPuteano
917 4577 955 4631 ad
966 4575 1161 4631 hiantem-Dei
1177 4574 1301 4630 loannes
1317 4574 1475 4629 monachus
1490 4573 1613 4628 abbatiae
1632 4568 1723 4628 saneti

57 4654 89 4706 et
103 4652 320 4709 Bldmenrenna
331 4653 448 4710 infausti
459 4654 584 4711 doctoris
594 4656 624 4712 in
633 4656 813 4729 sterquilinio
822 4674 866 4712 se·
915 4663 1057 4737 Arnulphi
1071 4663 1214 4732 Metensis,
1231 4662 1280 4735 qui
1294 4661 1368 4718 eirca
1381 4679 1492 4718 annum
1510 4664 1578 4718 isat
1591 4661 1722 4718 habitum

56 4742 207 4812 pultum
224 4743 364 4815 Ρθῖῑῑῐῑθῑ,
378 4760 437 4800 1¹⁰ss
454 4744 553 4800 dubim
562 4745 692 4818 quidem,
714 4746 867 4818 quinhanc
917 4753 1149 4810 carthusiensem
1157 4752 1261 4808 induit.
1280 4751 1325 4808 Sic
1339 4751 1506 4808 inscribitur
1515 4752 1620 4808 codex:
1637 4749 1722 4804 «Vita

54 4829 96 4885 illi
108 4832 325 4900 exauctoribus,
347 4836 464 4888 etaim
475 4850 559 4889 suam
570 4834 746 4907 praegressis,
762 4836 866 4893 hause-
916 4831 1646 4906 ›aureasupertegendasplurimorumsanctorum
1654 4843 1721 4884 cum

53 4919 240 4987 rint;rerum
253 4923 391 4993 poseevel
407 4939 424 4978 e
430 4921 550 4996 primos,
562 4925 606 4979 rel
622 4923 712 4979 etiam
734 4940 750 4979 e
766 4924 866 4997 primis
915 4921 1120 4995 »quibusdam
1137 4921 1334 4977 additionibus
1354 4920 1437 4976 valde
1452 4921 1607 4976 utilibus.»
1622 4918 1657 4972 Et
1682 4913 1720 4970 ad

54 5009 190 5080 proxime
206 5010 319 5078 secutis,
342 5011 391 5083 qui
415 5011 575 5067 Parisiense
600 5012 728 5068 doctoris
746 5014 867 5070 redivivi
915 5013 1024 5068 calcem
1035 5010 1137 5066 litteris
1151 5009 1315 5066 rubeishaec
1323 5011 1359 5066 de
1367 5007 1605 5082 temporescripti
1614 5003 1720 5062 codicis

54 5098 255 5169 spectaculum
271 5097 374 5154 litteris
391 5099 638 5169 commendarint,
663 5100 760 5169 fuisse,
787 5103 867 5159 nulla
915 5101 1061 5173 leguntur:
1075 5100 1193 5155 «Frater
1201 5100 1326 5155 ioannes
1338 5099 1497 5155 monachus
1510 5095 1606 5152 Sancti
1614 5095 1720 5150 Arnul·

55 5183 182 5240 omnino
202 5185 277 5243 ratio
300 5186 410 5242 suadet.
428 5190 522 5260 Atque
538 5189 579 5244 ita
601 5206 634 5244 ex
655 5191 791 5246 omnibus
801 5191 865 5262 jam
915 5209 932 5244 s
948 5190 997 5263 phi
1009 5188 1150 5257 Metensis,
1163 5189 1237 5244 illius
1252 5187 1403 5244 Bertrandi
1421 5186 1489 5243 dicti
1502 5187 1645 5252 Truncon‚
1675 5199 1722 5240 eo·

55 5271 252 5346 dietisliquet,
276 5289 292 5330 e
309 5274 421 5331 duobus
437 5276 482 5332 hie
495 5278 558 5349 jam
580 5272 750 5334 memoratis
767 5278 865 5353 prodi·
916 5298 933 5332 o
949 5279 1138 5351 gnominatus
1151 5277 1187 5334 de
1198 5278 1304 5333 Sancta
1320 5277 1419 5343 Cruce,
1435 5274 1505 5331 feeit
1518 5273 1581 5330 fleri
1596 5277 1625 5329 et
1634 5271 1720 5329 scribi

54 5358 144 5432 glosa
157 5360 284 5417 doctoris
299 5367 465 5420 anastaseos
481 5365 633 5437 adjunctis,
651 5369 797 5441 uteunque
812 5369 865 5424 ha·
915 5385 932 5422 o
946 5368 1035 5423 istum
1047 5368 1166 5436 librum,
1183 5368 1212 5421 et
1226 5365 1385 5420 tuitssnitus
1397 5381 1475 5420 anno
1488 5362 1603 5420 Domini
1615 5365 1684 5419 {322
1691 5363 1720 5419 in

52 5445 183 5505 beantur
191 5464 245 5523 pro
256 5448 348 5521 falsis,
363 5453 479 5526 explodi
486 5453 562 5510 bane
570 5455 649 5510 velut
660 5450 866 5512 commentum
913 5475 932 5512 e
948 5456 1046 5529 vigilia
1058 5455 1152 5512 saneti
1166 5453 1307 5510 Vincentii
1321 5452 1454 5510 teritaeet
1468 5452 1613 5528 martyris.
1625 5452 1719 5510 Finito

51 5532 867 5618 manum-nuhaaihmaanonpoteioneama
911 5567 933 5602 v
946 5544 1033 5617 libre,
1048 5545 1159 5605 sitlans
1172 5545 1204 5602 et
1228 5539 1323 5618 aleria
1334 5540 1458 5602 Christe.
1473 5544 1604 5601 men.»
1618 5543 1652 5603 ln
1664 5544 1721 5602 boe
