3772 5970
159 299 210 375 250
585 290 613 345 S.
631 289 803 345 BRUNONIS
824 285 1140 354 §ARTHUSIANORUM
1160 287 1393 346 lnsvrltt'roffls
1767 295 1820 351 200

155 421 294 492 sequente
309 435 353 484 ea,
370 433 434 490 quae
455 415 578 472 Parisios
599 414 628 469 in
642 413 816 469 clamoribus
830 411 1244 484 predictiilingrederentur,
1267 413 1381 488 Hngoni
1401 412 1488 471 tuerit
1509 415 1616 485 oblata,
1640 416 1820 493 dubiumque

156 507 281 564 doctoris
296 510 360 562 acta
374 506 498 573 fuerant,
525 520 577 559 nec
594 520 654 557 non
682 500 959 558 confederationem
1010 499 1111 556 itidem
1127 519 1159 556 ex
1176 502 1258 558 dictis
1272 503 1318 571 sit,
1336 505 1528 572 nocteneilla,
1546 522 1612 578 quse
1623 507 1715 562 sancti
1732 507 1761 563 in
1773 526 1819 564 nr·

154 601 286 653 mutuam
303 591 711 669 inpropositosolitariaevitae,
723 589 959 647 auxiliumetiam
1009 587 1076 642 bem
1091 588 1387 662 Gratianopolitanam
1411 591 1572 664 ingressum
1588 595 1720 667 proxime
1741 615 1817 672 prve-

155 685 404 743 adinveniendum
412 685 612 756 locumaptum
620 680 799 752 poenitentioe
811 679 959 752 rogitante
1008 677 1101 745 cessit,
1117 695 1154 733 an
1167 680 1315 752 aliquanto
1331 680 1413 736 citius
1428 682 1457 736 id
1476 684 1615 752 evenerit,
1637 702 1702 755 nec,
1722 686 1745 742 si
1764 704 1816 760 po·

153 775 302 848 episcopus
326 789 386 845 prae
399 772 525 827 novitate
539 771 581 826 rei
594 770 721 843 primum
743 769 900 839 obstupuit,
921 767 958 822 ad
1007 767 1148 823 stremum
1163 769 1441 839 hoclocumhabuit,
1452 773 1509 827 ulla
1519 773 1593 829 ratio
1604 778 1816 850 suppetat,qnoe

152 865 281 938 ipsorum
297 867 396 918 tamen
412 857 744 927 conversionem,animi
758 857 956 923 stabilitatem,
1008 853 1159 927 Hugonem
1182 858 1483 932 Gratianopolitanum
1502 862 1681 937 episcopum,
1714 869 1815 922 sancto

152 952 234 1010 ardui
249 951 398 1026 propositi,
415 950 544 1021 pluribus
562 947 706 1021 profuturi
728 947 838 1018 sibique
861 949 956 1000 osten·
1008 942 1070 1015 ejus
1083 946 1242 1020 alloquium
1251 948 1288 1003 ad
1295 949 1393 1020 palatii
1410 950 1516 1006 ostium
1532 952 1625 1007 adhuc
1639 957 1814 1026 praestolan-

151 1042 299 1101 saevisioni
310 1039 491 1097 accommodi
501 1038 656 1094 utilitatem
676 1038 774 1092 oculos
789 1036 955 1101 deflectens,
1006 1035 1046 1100 te,
1058 1034 1093 1089 dc
1109 1035 1216 1091 visione
1232 1038 1406 1095 meditatum
1420 1039 1507 1096 tuisse
1527 1042 1656 1112 suadeat,
1671 1045 1814 1102 leceritne

151 1134 318 1205 amplexans
338 1129 413 1186 viros
437 1145 504 1184 cum
528 1127 640 1200 ingenti
651 1125 757 1199 gaudio
780 1141 837 1179 non
861 1126 955 1180 solum
1006 1122 1035 1178 id
1045 1126 1111 1179 tunc
1125 1142 1191 1181 vere
1204 1129 1374 1183 sanctusille
1391 1129 1519 1199 antistes,
1532 1148 1585 1203 pro
1601 1136 1681 1189 certo
1704 1152 1815 1191 asseve-

149 1225 308 1295 gratanter,
320 1236 421 1275 verum
436 1217 523 1273 etiam
535 1219 703 1272 reverenter
713 1214 848 1285 suscepit,
863 1215 891 1268 et
903 1213 954 1267 he·
1005 1212 1062 1267 rari
1072 1230 1130 1268 non
1143 1217 1249 1286 potest,
1263 1233 1329 1271 cum
1340 1217 1369 1273 id
1385 1219 1481 1274 necin
1498 1220 1645 1294 Guigonis,
1660 1224 1754 1279 necin
1770 1225 1811 1280 al-

148 1311 236 1384 nigne
256 1308 398 1366 tractavit.
415 1308 501 1362 Facto
513 1323 627 1379 quoque
643 1305 672 1359 in
687 1321 717 1359 se
732 1303 840 1375 Spiritu
857 1301 954 1357 Domi·

149 1401 189 1469 ni,
205 1399 345 1456 intellexit
359 1397 499 1452 visionem
513 1395 609 1467 eisque
624 1393 820 1465 perordinem
837 1393 951 1458 cuncta,

148 1506 212 1563 quas
235 1489 355 1554 viderat,
382 1484 538 1552 enarravit,
566 1486 596 1539 et
610 1485 718 1551 locum,
735 1499 822 1555 quem
844 1495 953 1554 qnaere·

1003 1301 1092 1357 terius
1107 1303 1300 1377 cujuscunque
1325 1307 1471 1379 scriptoris
1500 1309 1613 1381 antiqui
1637 1313 1811 1370 auctoritate

1003 1389 1228 1449 fundamentum
1236 1395 1351 1451 habeat.
1364 1396 1434 1452 llinc
1445 1397 1544 1468 etiam,
1552 1416 1589 1454 an
1600 1401 1689 1456 stellae
1698 1405 1810 1475 septem

1002 1492 1066 1550 quas
1082 1480 1193 1553 Hngoni
1207 1482 1236 1537 in
1249 1486 1412 1539 memorata
1426 1485 1533 1541 visione
1548 1495 1756 1561 apparuerunt,
1769 1495 1811 1548 ta·

1001 1565 1042 1620 les
1055 1569 1224 1639 exstiterint,
1239 1573 1338 1645 quales
1360 1590 1408 1628 eas
1427 1576 1564 1646 extitisse,
1579 1578 1807 1649 Blomenvenna,

147 1580 228 1647 bant,
240 1578 304 1649 jam
317 1575 369 1631 sibi
385 1573 520 1630 divinitus
534 1573 692 1628 revelatum
706 1571 835 1627 asseruit.

1001 1655 1046 1710 cui
1070 1657 1123 1712 hac
1154 1658 1183 1713 in
1198 1676 1230 1714 re
1246 1661 1390 1717 Puteanus
1414 1663 1445 1717 in
1469 1665 1561 1719 sancti
1575 1666 1639 1721 Vita
1666 1685 1748 1724 num.
1773 1673 1808 1726 29

182 1670 272 1736 itt«
288 1665 406 1739 Septem
414 1663 520 1736 quippe
528 1662 735 1730 viros,terrena
750 1660 949 1733 despicientes,

146 1758 260 1815 deserta
283 1756 446 1827 querentes
459 1755 488 1807 et
497 1767 549 1823 per
564 1749 739 1805 desiderium
762 1751 950 1816 aeternorum,
962 1768 989 1829 B
1002 1744 1089 1800 ctiam
1110 1751 1258 1817 consonat,
1285 1751 1378 1805 verbis
1402 1753 1534 1823 proxime
1549 1755 1604 1810 huc
1628 1758 1808 1832 transcriptis

144 1847 307 1902 velutastra
317 1841 467 1907 micantes,
478 1842 592 1911 septem
602 1838 752 1893 stellarum
768 1854 889 1893 numero
900 1837 950 1892 de·
1001 1833 1099 1900 tradit,
1111 1834 1182 1889 mihi
1198 1837 1356 1892 admodum
1372 1839 1493 1896 dubium
1508 1845 1640 1914 apparet,
1659 1845 1701 1900 uti
1717 1846 1806 1902 etiam

143 1934 251 2009 signari
265 1949 324 1989 non
348 1929 522 1986 hesitavit.»
552 1929 695 1983 llactenus
722 1929 949 1994 Blomenvenna,
1001 1938 1038 1977 an
1057 1923 1202 1993 eomodo,
1217 1942 1304 1997 quern
1313 1927 1356 1981 vel
1371 1927 1431 1983 hini
1446 1929 1475 1983 hi
1488 1929 1517 1985 S.
1535 1932 1679 1987 Brunonis
1693 1934 1807 2008 biogra-

143 2025 173 2082 S.
204 2019 326 2095 llugoni,
353 2018 620 2090 Gratianopolitano
641 2016 786 2088 episcopo,
810 2015 949 2071 visionem
999 2010 1059 2083 phi,
1075 2012 1117 2066 vel
1129 2012 1297 2069 brevissima
1309 2017 1373 2086 plns
1383 2018 1472 2072 semel
1480 2018 1546 2090 jam
1562 2020 1680 2077 laudata
1696 2023 1806 2080 ordinis

144 2129 203 2169 non
218 2115 287 2167 tunc
298 2108 437 2182 primum,
455 2123 520 2162 cum
537 2105 601 2178 jam
621 2106 716 2160 Bruuo
742 2105 862 2177 ejusque
880 2103 949 2160 socii
1000 2096 1207 2155 Carthasiensis
1222 2101 1344 2159 ilistoria
1372 2104 1508 2178 assignat,
1535 2125 1596 2164 sese
1612 2110 1724 2185 Hngoni
1739 2131 1805 2186 spe.

142 2201 246 2257 urbem
260 2195 558 2268 Gratianopolitanam
580 2192 813 2265 ingrederentur,
830 2193 880 2248 sed
896 2193 947 2247 ali·
998 2187 1117 2242 ctandas
1126 2189 1317 2259 exhibuerint,
1333 2191 1463 2266 itemque
1480 2212 1517 2250 an
1535 2214 1593 2252 una
1608 2215 1642 2253 ex
1654 2199 1806 2274 hisce,que

142 2289 258 2364 quando
283 2286 376 2353 eitius,
393 2300 459 2338 curn
485 2282 591 2338 scilicet
604 2282 634 2336 in
646 2281 748 2336 itincre
764 2297 861 2336 versus
872 2281 947 2336 hanc
998 2275 1027 2331 S.
1044 2278 1139 2332 Bruno
1161 2279 1328 2352 designatus
1348 2281 1445 2349 inerit,
1462 2285 1572 2340 caeteris
1587 2287 1710 2344 lucidior
1724 2291 1806 2346 exsti.

140 2377 233 2435 adhuc
247 2376 440 2441 versarentur,
454 2372 540 2427 fuisse
555 2371 695 2437 oblatam,
714 2369 865 2424 memorie
883 2386 947 2441 pro·
997 2365 1072 2434 erit3
1102 2368 1285 2438 quodetiam
1308 2386 1367 2425 non
1383 2371 1500 2444 quidem
1521 2374 1598 2446 apud
1613 2377 1804 2435 Blomenven·

65 2508 66 2513 1
140 2466 222 2534 dens,
247 2467 278 2520 ut
298 2464 362 2536 jam
378 2461 488 2517 monui.
512 2461 546 2514 Et
558 2476 625 2514 vero
643 2458 782 2514 visionem
798 2458 877 2513 illam
902 2461 946 2514 vel
996 2469 1066 2508 nam
1082 2459 1131 2510 aut
1142 2457 1314 2528 Puteanum,
1341 2460 1391 2515 sed
1404 2462 1481 2534 apud
1492 2463 1662 2520 Zachariam
1686 2467 1805 2524 benedi.

138 2558 207 2611 tune
221 2555 265 2610 vel
280 2554 367 2618 certe,
389 2553 420 2606 ut
433 2552 577 2605 Puteanus
598 2565 631 2602 ex
646 2547 709 2619 jam
737 2546 819 2603 dietis
846 2547 943 2615 tradit,
995 2545 1074 2597 etum
1086 2543 1115 2598 in
1136 2545 1226 2600 sancti
1245 2547 1335 2602 nostri
1350 2548 1423 2616 Vita,
1449 2551 1521 2622 stylo
1533 2550 1623 2624 ligato
1638 2554 1690 2610 sub
1705 2557 1802 2612 saeculi

139 2648 223 2701 nocte
250 2643 308 2710 illa,
332 2657 396 2714 quae
421 2638 512 2695 sancti
535 2637 653 2710 ejusque
668 2636 812 2692 sociorum
827 2636 858 2690 in
873 2652 946 2707 prce-
995 2630 1066 2685 sexti
1081 2631 1186 2687 decimi
1199 2633 1314 2690 initium
1341 2653 1374 2690 ex
1404 2654 1493 2710 snpra
1517 2639 1600 2695 dictis
1627 2643 1799 2716 conscripta,

137 2733 381 2790 mernomoratam
391 2729 493 2784 urbem
502 2726 658 2781 adventum
667 2725 796 2796 proxime
806 2741 945 2802 praegres·
994 2719 1121 2793 aliosque
1137 2723 1291 2779 nonnullos
1304 2726 1489 2794 recentiores,
1503 2745 1574 2802 quos
1587 2729 1633 2785 hic
1647 2732 1800 2792 nominare

135 2840 167 2879 sa
180 2826 232 2889 est,
249 2837 307 2876 non
321 2820 419 2874 autem
433 2820 501 2871 tunc
516 2814 653 2886 primum,
671 2830 737 2868 cum
752 2813 942 2886 Gratianopo-
993 2808 1064 2863 nihil
1074 2811 1187 2879 attinet,
1207 2813 1356 2870 memoriae
1372 2815 1520 2887 proditum
1534 2818 1659 2875 invenio.

134 2910 187 2968 lim
200 2909 241 2965 illi
261 2910 324 2982 jam
351 2906 584 2979 ingrederentur,
605 2902 732 2958 evenisse
762 2901 941 2958 verosimilli·
1028 2899 1090 2954 429·
1114 2899 1216 2955 Versus
1237 2917 1348 2968 Omnes,
1366 2903 1547 2975 quibustum
1578 2906 1616 2976 ida
1639 2911 1702 2964 tum
1723 2911 1798 2968 Ῐῡῑθ·

133 3014 216 3057 mum
231 3001 283 3066 est,
299 3001 360 3052 tum
373 2995 452 3068 quod
466 3011 499 3048 ex
515 2991 598 3048 dictis
612 3008 678 3046 cum
693 2990 830 3062 Guigonis
844 3007 942 3046 narra-
992 3005 1074 3061 gram
1091 2990 1239 3044 stellarum
1247 2994 1359 3062 septem
1374 2992 1523 3063 visionem,
1540 2996 1652 3069 llugoni
1668 3001 1796 3057 oblatam

133 3088 213 3145 tione
228 3087 258 3142 id
273 3084 366 3157 magis
379 3084 603 3156 congruat,tum
615 3059 1127 3154 quodvisioilla‚utp0teCmetricus
1142 3078 1190 3133 ille
1204 3079 1293 3134 sancti
1308 3080 1486 3152 biographus
1516 3084 1603 3153 canit,
1633 3088 1711 3142 lubet
1742 3090 1798 3146 huc

40 3203 47 3217 ·
131 3194 185 3252 per
196 3174 342 3232 somnium
365 3170 477 3244 Hngoni
493 3171 600 3236 oblata,
624 3171 708 3224 nocte
724 3168 939 3224 verosimillime
991 3166 1112 3238 quodid
1131 3166 1261 3222 futurum
1285 3183 1398 3238 sperem
1425 3171 1525 3226 lectori
1552 3189 1611 3229 non
1636 3175 1795 3249 ingratum,

131 3263 277 3330 acciderit,
291 3264 463 3333 sanctusque
483 3274 515 3312 ac
528 3258 588 3330 ejus
601 3256 679 3324 socii,
696 3273 754 3311 non
772 3257 874 3324 noctis,
889 3259 939 3313 sed
955 3324 958 3329 ¹
989 3255 1192 3310 transcribere·
1206 3254 1251 3310 Sic
1267 3255 1378 3313 habent
1394 3273 1401 3312 ²

131 3352 187 3408 diei
202 3355 346 3422 tempore,
361 3346 591 3418 Gratianopolim
601 3344 816 3400 verosimillime
825 3345 882 3400 sint
897 3346 939 3401 in·
1023 3342 1138 3416 Jamque
1147 3344 1349 3416 propinquabat
1361 3344 1467 3405 Brenn.
1482 3350 1597 3420 stupente
1611 3358 1726 3418 cotcrro,

128 3440 228 3515 gressi.
258 3438 321 3492 Alia
337 3436 435 3504 modo,
452 3451 516 3508 quae
541 3435 757 3489 Blomenvenna
772 3433 877 3506 aliique
902 3436 938 3490 de
1024 3429 1228 3504 Gratianopoli3
1243 3451 1260 3487 o
1270 3435 1367 3504 priscis
1379 3435 1436 3505 fuit
1450 3436 1596 3494 otimdictu
1612 3439 1727 3498 Misere.

31 3545 34 3551 ¹
127 3528 238 3586 visione
258 3524 370 3599 Hngoni
382 3524 477 3580 ablata
495 3523 671 3591 memorant,
695 3522 784 3577 etiam
804 3522 937 3578 discutia·
986 3520 1026 3574 stc
1041 3519 1155 3589 deinde,
1175 3521 1320 3576 nonnullis
1336 3521 1531 3596 interpositis:

127 3636 201 3674 mus.
216 3615 381 3673 Secundum
393 3613 469 3668 hunc
487 3611 659 3681 scriptorem
679 3610 759 3682 llugo
775 3610 934 3685 episcopus,
1021 3608 1089 3663 Mor
1105 3612 1188 3680 rpitur
1201 3616 1299 3682 septem
1311 3612 1400 3666 stelles
1415 3630 1447 3667 cr
1461 3616 1556 3670 etiem
1565 3634 1667 3673 svrmmo

126 3722 192 3763 cum
215 3707 280 3779 jam
299 3704 397 3760 Bruno
413 3702 532 3773 ejusque
554 3699 622 3755 socii
639 3699 867 3771 Gratianopolim
882 3701 933 3756 ad.
1020 3697 1154 3754 Demisere
1163 3698 1223 3770 poti
1237 3715 1245 3764 ς
1261 3699 1356 3772 quibus
1371 3717 1427 3755 uno
1440 3705 1567 3758 nitentior
1582 3706 1639 3761 ilat

125 3796 280 3862 venissent,
289 3808 406 3866 pfaeque
416 3791 525 3846 loribus
534 3788 633 3862 palatii
643 3788 811 3862 episcopalis
825 3793 935 3845 starent
1018 3786 1093 3841 Ante
1105 3787 1183 3848 oties,
1198 3805 1244 3841 vvcc
1258 3806 1311 3842 non
1325 3788 1421 3844 Pnoetr
1434 3795 1565 3847 noscentis
1580 3795 1613 3849 ot
1629 3803 1690 3852 ortu

125 3885 161 3942 de
186 3885 293 3941 visione
314 3881 368 3938 sihi
391 3879 527 3936 divinitus
557 3878 655 3934 oblata
683 3878 829 3949 cogitavit,
853 3879 933 3934 idem
1018 3873 1102 3931 Ferre
1116 3875 1380 3947 eidebctccrpressum
1395 3879 1564 3937 adsultimie
1580 3891 1649 3940 tecto

123 3973 211 4030 etjam
226 3971 378 4028 memoriae
389 3968 486 4040 prodit
499 3965 669 4021 brevissima
685 3966 794 4020 ordinis
811 3966 931 4022 Cartha·
1015 3961 1144 4019 Presulis
1156 3964 1186 4019 H
1191 3967 1295 4036 reponis,
1319 3967 1488 4041 ripidamque
1503 3973 1644 4029 oscendere
1662 3985 1789 4044 montem,

124 4060 224 4118 ,1011st
239 4058 372 4125 Historia,
398 4072 416 4110 a
437 4055 581 4109 ldaterneo
598 4056 669 4107 tom.
687 4052 721 4106 Vl
744 4053 930 4126 amplissime
1018 4051 1072 4120 Qui
1084 4055 1186 4108 vicinus
1197 4060 1265 4117 eret,
1280 4055 1554 4128 cctsoqecmcnmberc
1568 4079 1644 4119 seeo.

124 4146 299 4205 collectionis
314 4162 347 4200 ex
363 4142 445 4200 dictis
455 4141 623 4210 incerta,uti
635 4141 723 4196 ctiam
736 4140 766 4196 in
777 4144 867 4198 sancti
877 4161 929 4199 no·
1018 4141 1107 4205 retra,
1123 4159 1206 4214 prtem
1219 4142 1293 4197 dulci
1306 4143 1471 4200 decumberet
1485 4149 1529 4204 itte
1540 4167 1641 4223 sopore,

124 4237 175 4293 ,tri
185 4237 214 4294 in
228 4236 292 4291 Vita
307 4249 388 4289 num.
405 4235 440 4288 29
453 4233 608 4286 Puteanus.
623 4231 657 4285 Et
671 4247 749 4299 vero,
766 4230 789 4285 si
804 4232 847 4287 vel
862 4236 930 4288 tuno
1014 4228 1152 4303 Suscipitr
1168 4248 1283 4286 esornno
1296 4239 1440 4306 postquem
1450 4241 1649 4310 erpcrpiseitnr,
1663 4261 1741 4302 ornnc

122 4325 261 4399 primum,
279 4339 344 4379 cum
360 4322 455 4375 Bruno
480 4319 598 4392 ejusque
619 4319 686 4374 socii
701 4315 967 4392 GratianopolimD
1014 4318 1106 4374 Mente
1117 4323 1204 4390 opitct
1212 4320 1327 4390 factem,
1339 4331 1437 4394 pervent
1451 4342 1541 4383 secum
1556 4337 1636 4403 etque
1655 4345 1785 4405 repenset.

121 4413 355 4488 ingrederentur,
385 4410 429 4464 vel
445 4410 541 4477 nocte,
572 4408 638 4463 liuic
667 4425 769 4463 eorum
787 4409 929 4481 ingressui
1014 4407 1095 4477 Quid,
1113 4409 1187 4473 bime,
1203 4409 1269 4479 vuli,
1292 4410 1376 4476 Delli»
1400 4413 1578 4489 1001111111,
1606 4423 1729 4480 ²²25er
1753 4429 1788 4481 εἰ·

121 4501 253 4576 proxime
266 4499 381 4574 praevia,
397 4497 466 4553 visio
485 4496 536 4553 illa
552 4496 695 4565 acciderit,
713 4497 864 4569 Hugonem
887 4515 929 4554 sa·
1662 4511 1787 4582 [11117111

122 4607 159 4646 11
175 4589 211 4646 de
227 4607 260 4645 ea
275 4594 354 4656 tunc,
371 4604 437 4642 cum
453 4586 494 4641 illi
514 4585 551 4640 ad
565 4586 681 4653 ostium,
700 4587 858 4658 alloquium
866 4588 927 4660 ejus
1013 4583 1396 4658 Qtfd›7090›P⁰ri⁶'¹‘ltm²l¹ae⁰
1408 4594 1597 4663 septemsiderc
1610 4601 1732 4656 mum?

117 4682 261 4755 petentes,
279 4679 344 4750 Ι11111
368 4676 531 4743 adstarent,
558 4675 709 4748 cogitasse,
737 4692 804 4731 vero
835 4675 927 4731 neuti—
1011 4673 1103 4729 Alties
1113 4676 1168 4730 taec
1181 4677 1337 4747 ipitnrdnm
1351 4682 1460 4749 copr'tot,
1477 4684 1599 4740 imminet
1616 4689 1679 4744 urii

120 4786 208 4843 quam
222 4769 343 4840 apparet
355 4764 498 4821 absimile.
1010 4760 1065 4817 Sex
1076 4765 1152 4818 sociis
1165 4764 1256 4818 doctor
1269 4768 1410 4821 comitatus
1422 4776 1447 4823 et
1457 4772 1550 4826 introit
1559 4774 1641 4830 eden

154 4862 219 4916 428,
232 4853 562 4926 Licelenim,llugone1n
568 4851 820 4924 episcopum,dum
829 4854 925 4909 Bruno
1010 4850 1161 4922 Pontifices,
1171 4870 1249 4927 que-m
1260 4870 1289 4910 se
1297 4864 1394 4911 secreto
1409 4861 1537 4931 effamine
1549 4863 1618 4919 derit

118 4949 237 5023 ejusque
256 4963 304 5001 301
317 4943 386 4999 socii
412 4942 439 4998 ei
457 4943 521 5014 jam
536 4943 694 5014 praesentes
721 4944 860 5010 astarent,
890 4944 926 4998 de
1014 4942 1104 4996 Visere
1115 4943 1188 4997 celle.
1202 4942 1280 4998 Intra
1291 4947 1443 5017 pcnetrolin
1457 4950 1602 5008 adducitur
1615 4957 1686 5013 aare

117 5037 225 5096 ,1510113
249 5034 303 5090 sihi
321 5033 419 5090 oblata
437 5031 587 5104 cogitasse,
611 5029 700 5101 Guigo
720 5029 813 5085 verbis
838 5048 926 5104 supra
1008 5029 1047 5085 Et
1058 5033 1163 5085 concites
1175 5033 1291 5103 pariter.
1307 5031 1428 5090 Flecteris
1442 5055 1542 5108 perrea,
1555 5044 1645 5099 osculo
1657 5047 1719 5118 figit

114 5124 241 5185 recitatis
273 5123 413 5177 duntaxat
432 5120 566 5186 insinuet,
583 5117 653 5172 nilril
675 5119 774 5172 tamen
803 5118 925 5191 impedit
1008 5118 1130 5175 Socratis
1145 5121 1268 5175 monibus
1276 5120 1382 5188 Bruno,
1393 5128 1481 5199 sicque
1492 5131 1585 5203 incipit
1599 5150 1654 5204 ore,
1672 5145 1722 5193 ctc.

117 5230 174 5290 quo
190 5211 285 5268 minus
300 5217 328 5267 et
349 5214 417 5265 tune
432 5213 461 5264 et
475 5207 560 5280 paulo
577 5209 655 5273 ante,
679 5220 745 5259 cum
761 5205 868 5262 scilicet
892 5208 922 5263 11
1008 5210 1071 5264 430.
1082 5209 1137 5262 Nec
1153 5211 1267 5264 tantum
1288 5211 1414 5281 visionis,
1439 5215 1551 5290 Hngoni
1568 5220 1780 5299 Gratianopoli-
1831 5273 1838 5287 .

117 5300 242 5374 episcopi
256 5302 441 5370 conspectum
456 5297 551 5350 Brimo
563 5293 682 5364 ejusque
695 5290 764 5346 socii
791 5294 921 5351 nondum
971 5300 1041 5352 tane
1054 5296 1188 5368 episcopo
1205 5298 1319 5366 oblatae,
1338 5300 1476 5373 acfiuneta
1495 5308 1626 5379 proxime
1647 5313 1693 5368 hic
1714 5316 1779 5387 jam

117 5389 239 5448 luissent
252 5385 378 5454 adducti,
389 5385 424 5438 de
435 5384 537 5439 eadem
547 5380 918 5454 visionellugocongilarit.
971 5390 1143 5454 memorata,
1166 5404 1230 5459 quae
1245 5405 1262 5443 a
1277 5391 1416 5460 Puteano,
1433 5395 1661 5470 Blonvenvenna,
1675 5404 1781 5463 Zacha-

116 5479 253 5537 Attamen
263 5488 328 5527 cum
343 5475 405 5528 hvnc
417 5488 452 5526 ex
464 5471 545 5526 dictis
560 5468 773 5526 verosimillime
784 5473 919 5528 nontuuc
969 5477 1013 5534 ria
1024 5476 1175 5531 benedicto
1191 5476 1299 5551 alisque
1313 5483 1521 5540 recensioribns
1536 5488 1643 5563 absquo
1654 5495 1776 5569 antiquo

96 5548 258 5644 'primum
274 5576 341 5616 cum
352 5560 448 5618 Bruno
463 5559 580 5632 ejusque
603 5559 671 5616 socii
689 5559 917 5634 Gratianopolim
970 5564 1041 5621 vade
1055 5563 1232 5634 referuntur,
1241 5566 1374 5640 ancipitis
1385 5570 1544 5630 admodum
1558 5592 1591 5632 ac
1606 5579 1701 5639 dubiae
1709 5590 1777 5642 sunt
