3772 5976
107 280 142 336 16
894 269 986 332 Actu
1740 296 1774 349 so

111 405 203 459 mensi
217 403 953 480 1611166,666616666866616616166161666166611
965 401 1027 472 jam
1044 407 1220 476 excoluisset,
1237 409 1400 467 scholarum
1420 412 1591 483 magistrum
1608 414 1709 487 egisse,
1731 419 1774 472 vel

111 498 138 548 et
163 495 306 565 docuisse,
331 497 359 552 in
384 503 534 571 comperto
562 516 595 553 ex
620 497 747 553 dicendis
773 495 819 562 sit,
843 496 918 548 stare

112 582 223 638 malim.
238 585 416 641 llorkensius
425 586 456 642 in
468 605 522 643 ms.
534 605 585 643 sua
604 583 813 657 Chronologica
826 582 919 654 diplo-

110 671 217 726 matica
243 673 278 727 de
302 673 332 730 S.
360 676 497 731 Rruuone
522 675 650 731 Diatriba
681 674 708 728 in
734 690 767 727 ea
793 671 922 725 versatur

110 759 260 831 opinione,
277 750 335 836 qua
348 764 502 833 existimat,
513 763 650 820 Sanctum
667 761 775 818 ordinis
789 759 831 814 sui
845 756 923 814 insti·

109 851 239 904 tutorem
254 855 319 924 post
334 852 478 907 detectam
494 851 659 925 Berengarii
676 849 809 905 haeresim
826 848 854 903 in
872 862 922 919 pa-

108 936 196 992 triam
215 939 367 996 Coloniam
385 940 577 1013 Agrippinam
586 957 646 995 esse
663 954 827 1006 reversum3
845 933 922 1008 quod

109 1041 178 1079 saue
192 1043 261 1081 vcro
280 1032 403 1100 apparet
418 1046 477 1084 non
492 1029 632 1095 absimile,
645 1029 696 1082 etsi
713 1026 829 1082 interim
843 1025 922 1078 nullo

110 1113 220 1184 pariter
230 1120 317 1187 queat
331 1121 523 1173 monumento
536 1121 579 1172 sat
594 1117 712 1188 antiquo
728 1112 854 1188 probari.
867 1110 924 1166 Sed

971 496 1071 550 exsulo
1080 502 1203 569 quatuor
1210 500 1373 571 primorum
1384 501 1539 557 Carthasim
1547 503 1675 575 priorum
1688 505 1775 560 Chro-

972 580 1046 650 nico,
1059 600 1110 640 seu
1127 587 1221 658 potius
1237 589 1351 657 cbrevi,
1371 592 1448 663 quod
1465 610 1498 647 ex
1519 592 1573 645 666
1591 610 1672 647 num.
1690 598 1705 647 7
1723 594 1777 648 buc

970 670 1146 746 transcripsi,
1170 675 1267 733 Sancti
1289 679 1394 751 elogio,
1420 684 1520 751 utpote
1541 681 1570 736 in
1595 698 1651 753 quo
1674 681 1720 735 hic
1743 681 1778 736 ab

972 763 1087 815 auctore
1103 779 1197 819 coaevo
1214 765 1495 823 Remensisecclesiae
1511 770 1675 824 scholarum
1686 770 1778 841 magi-

971 851 1030 903 ster
1044 849 1147 906 diserte
1162 854 1331 924 appelletur,
1349 859 1458 910 certum
1475 874 1536 913 esse
1551 858 1648 913 dehet.
1664 859 1694 912 ld
1710 858 1781 913 inte·

972 936 1028 992 rim
1044 938 1131 994 etiam
1147 941 1337 997 confirmetur
1351 961 1384 998 ex
1401 943 1549 1014 sigeberto
1569 947 1778 1015 Gemblaccnsi,

973 1028 1002 1078 et
1017 1025 1147 1096 llugono,
1164 1028 1258 1083 Iliensi
1275 1029 1407 1102 episcopo
1424 1033 1553 1105 sedisque
1570 1037 1733 1105 apostolicae
1750 1036 1779 1090 iu

973 1113 1067 1170 Galliis
1076 1116 1182 1186 legata,
1193 1135 1318 1190 quorum
1328 1121 1373 1175 ille
1384 1121 1413 1175 in
1424 1122 1662 1196 Chrouographia
1676 1126 1712 1180 ad
1728 1144 1780 1180 an·

110 1201 226 1271 quidde
241 1207 333 1260 altero
346 1209 454 1260 asserto
467 1206 632 1273 dicendum,
645 1221 701 1278 quo
718 1208 781 1259 tum
796 1201 923 1276 primum
974 1219 1045 1255 nuru
1062 1205 1140 1272 1081,
1152 1205 1198 1260 616
1210 1207 1286 1279 6666
1302 1208 1449 1264 Labbeum
1465 1213 1536 1265 tom.
1552 1212 1780 1268 XConciliorum

109 1289 668 1350 168.1166166111666166166666616616
692 1296 820 1348 61661661
838 1289 924 1344 fuisse
974 1290 1106 1359 661366,
1130 1292 1159 1346 16
1183 1295 1304 1367 66161616
1333 1297 1369 1351 66
1397 1298 1565 1369 Gregorium
1599 1301 1644 1353 Vll
1673 1317 1780 1373 papam

108 1376 250 1434 Sanctum
267 1385 410 1449 nostrum,
427 1383 756 1454 Morkensiuspraeterea
773 1377 925 1435 affirmat?
975 1393 1051 1435 anno
1082 1382 1149 1436 1011
1177 1382 1292 1455 6611616,
1320 1384 1422 1457 hicque
1450 1386 1526 1440 infra
1548 1388 1640 1442 adhue
1668 1405 1779 1443 merua-

108 1466 166 1522 1166
191 1468 259 1536 666,
291 1471 333 1525 611
362 1472 450 1526 etiam
477 1473 643 1527 Brunonem
666 1473 734 1525 tuuc
758 1469 867 1524 ibidem
893 1467 923 1522 in
973 1469 1236 1526 randaBrunonem
1250 1472 1359 1544 pariter
1371 1497 1384 1524 «
1396 1475 1521 1529 ccclesiae
1533 1476 1783 1549 Remensismagi-

107 1572 224 1611 sacram
240 1557 419 1630 Scriptorum
433 1576 534 1632 resque
550 1558 727 1630 theologicas
749 1556 921 1625 incubuisse,
973 1559 1064 1612 strum
1081 1580 1094 1607 »
1110 1561 1266 1633 appellant.
1285 1562 1364 1618 llisce
1375 1564 1449 1618 adde
1462 1564 1649 1633 licinardum,
1662 1568 1780 1622 Cornic-

107 1661 177 1699 1616
187 1647 546 1719 6666161666116116.0666
556 1648 577 1702 si
588 1647 802 1714 interinrita,ut
816 1646 919 1718 potuit,
970 1645 1119 1701 riacenum
1135 1648 1165 1702 iu
1180 1665 1249 1720 agro
1262 1649 1421 1705 Turonensi
1435 1651 1574 1723 priorem,
1587 1654 1635 1726 qui
1651 1654 1679 1708 iu
1697 1655 1779 1710 titulo

107 1751 169 1789 sese
184 1737 275 1791 ctiam
291 1737 384 1812 reipsa
398 1755 444 1793 res
457 1738 598 1805 habuerit,
611 1754 627 1792 6
642 1738 778 1803 61666666,
795 1705 956 1790 Reman·B
971 1733 1085 1789 funebri
1103 1734 1178 1790 inter
1200 1736 1379 1793 recudendos
1405 1743 1465 1808 176,
1483 1758 1539 1813 quo
1555 1742 1659 1798 Sancto
1675 1760 1780 1815 parcu-

107 1822 774 1901 616616166166166666,8.(166166111666661666
782 1840 816 1878 66
824 1840 919 1890 66666,
976 1821 1054 1889 tavit,
1072 1823 1113 1878 ita
1132 1824 1278 1897 loquitur:
1295 1848 1309 1876 «
1323 1827 1495 1895 llainardus,
1525 1830 1656 1900 inquam,
1678 1848 1732 1902 ego
1750 1832 1779 1886 in

107 1928 196 1984 quem
212 1932 295 1969 num.
322 1919 356 1972 53
373 1917 499 1988 exposui,
516 1915 610 1970 vocari
626 1913 746 1969 Sanctus
763 1913 851 1968 etiam
868 1929 919 1985 po·
974 1911 1165 1990 Cormariensi
1181 1916 1779 1990 monasteriomonachorumplurimorum

106 2002 207 2067 tuerit,
223 2003 354 2074 quamvis
367 2004 398 2058 in
412 2003 441 2058 S.
454 2003 599 2058 Cuniberti
615 2002 745 2071 ecelesia,
762 2006 919 2075 antequam

106 2088 135 2145 iu
150 2091 274 2146 Galliam
292 2092 401 2146 litteras
421 2092 534 2147 dicendi
550 2109 634 2146 causa
650 2109 665 2146 e
682 2093 776 2162 patria
790 2093 918 2166 primurn

107 2179 211 2248 abiret,
230 2179 404 2237 canonicum
421 2197 479 2236 non
501 2181 614 2254 egisset,
635 2185 665 2236 ut
687 2181 782 2252 proin,
807 2182 919 2238 etiamsi

107 2283 174 2322 cum
185 2268 237 2323 diu
245 2268 331 2324 etiam
344 2272 412 2324 ante
420 2286 529 2325 annum
546 2272 624 2338 1661,
641 2288 697 2343 quo
714 2271 827 2327 circiter
841 2271 921 2327 scho-

106 2356 202 2412 larum
213 2358 400 2413 Remensium
411 2358 582 2431 praefectura
590 2375 650 2414 sese
661 2376 693 2414 ex
702 2359 830 2415 dicendis
839 2359 919 2415 abdi·

107 2445 191 2512 carit,
206 2446 381 2504 canonicum
391 2449 421 2502 iu
433 2448 461 2504 S.
472 2449 620 2505 Cuniberti
633 2451 761 2519 ccclesia,
771 2449 918 2517 exstitisse,

108 2533 186 2591 foret
200 2535 429 2606 admittendum,
445 2537 527 2610 argui
543 2554 576 2592 cx
596 2531 723 2593 11666666
739 2538 843 2593 1661116
861 2554 919 2594 666

109 2626 216 2695 posset,
228 2625 303 2680 hanc
312 2625 394 2681 illum
405 2626 512 2682 ibidem
521 2625 773 2682 vivendinormam
779 2629 842 2700 jam
853 2627 920 2682 1666

109 2713 145 2766 ab
157 2718 414 2789 cotempore,quo
429 2716 560 2771 nondum
577 2715 680 2772 Gallias
697 2718 817 2786 adierat,
834 2717 919 2773 fuisse

108 2805 186 2857 certo
202 2805 380 2877 amplexum.
392 2806 456 2861 Rrec
473 2804 545 2861 adde
562 2805 606 2874 iis,
621 2823 684 2878 quer
700 2823 780 2862 num.
796 2810 840 2875 52,
858 2824 917 2880 seq.

108 2894 137 2945 61
151 2894 186 2945 65
203 2891 280 2947 61616
294 2897 371 2949 sunt.

970 2002 1100 2070 nomine,
1109 2021 1167 2059 non
1176 2021 1273 2076 opere,
1286 2005 1374 2077 prior,
1383 2007 1541 2063 Remorum
1550 2008 1671 2063 civitatis
1681 2010 1778 2065 oriun-

970 2083 1023 2137 dus
1033 2084 1084 2152 fui,
1097 2086 1300 2158 dominihuJ'us
1318 2088 1458 2143 [11666616
1468 2088 1576 2160 aliquot
1587 2090 1780 2146 aunisdoctri·

971 2190 1040 2228 nam
1057 2174 1161 2242 audivi,
1179 2178 1296 2248 Deoque
1318 2177 1432 2238 volente
1452 2177 1610 2233 admodum
1627 2178 1746 2250 profeci.
1764 2202 1778 2230 s

971 2271 1036 2325 Haec
1051 2271 1108 2338 ille,
1126 2271 1185 2344 qui,
1203 2270 1332 2345 quamvis
1345 2288 1374 2326 se
1391 2272 1488 2327 Remis
1501 2274 1554 2329 sub
1571 2275 1704 2330 Bruuone
1719 2279 1778 2331 stu-

971 2358 1074 2427 duisse,
1091 2364 1189 2431 aperte
1204 2377 1262 2415 uon
1275 2359 1379 2428 edicat,
1390 2377 1436 2415 res
1451 2365 1549 2417 tamen
1566 2362 1606 2417 ita
1620 2379 1681 2418 sese
1696 2381 1778 2419 vero-

970 2447 1102 2504 similiter
1116 2448 1258 2517 babuerit,
1283 2451 1360 2522 quod
1383 2451 1479 2506 Remis
1494 2457 1590 2508 ortum
1611 2471 1662 2508 seu
1677 2456 1779 2510 natum

971 2553 1033 2591 sese
1048 2538 1342 2611 pronuntiet,ibique,
1358 2539 1406 2595 ubi
1420 2544 1503 2597 natus
1518 2546 1591 2609 erat,
1609 2542 1777 2615 aliquandiu

971 2626 1172 2684 verosimiliter
1187 2628 1295 2684 litteras
1310 2629 1451 2685 didicerit.

1007 2722 1051 2772 77.
1068 2718 1161 2788 Atque
1171 2717 1521 2791 haecquidem,quantum
1537 2721 1650 2792 opinor,
1666 2720 1694 2776 S.
1708 2723 1776 2776 Bru-

969 2821 1079 2860 uonem
1109 2806 1206 2861 Remis
1228 2805 1367 2874 docuisse,
1398 2824 1447 2861 seu
1477 2809 1649 2880 magistrum
1673 2809 1775 2882 egisse,

970 2893 1036 2948 satis
1047 2910 1190 2966 superque
1203 2895 1337 2950 evincunt
1350 2911 1439 2968 :quas
1450 2912 1517 2951 vero
1528 2895 1636 2951 ibidem
1645 2896 1777 2953 scientias

143 2982 190 3035 75.
218 2981 305 3038 Perro
326 2983 464 3039 Sanctum
489 2984 517 3039 16
537 2983 662 3057 66111616
686 2988 750 3058 6661
770 2963 954 3058 exceptamC
969 2980 1108 3049 docuerit,
1125 2985 1154 3037 et
1169 3000 1225 3056 quo
1242 2983 1354 3038 circiter
1363 2987 1495 3056 tempore
1506 2983 1535 3038 id
1546 2984 1639 3057 operis
1653 3002 1702 3040 scu
1713 3003 1777 3041 rnu-

108 3065 230 3123 'l'urouis
237 3070 449 3144 philosophiam
458 3073 585 3140 rediisse,
601 3073 772 3129 canonicum
785 3074 919 3147 ibiagcre

111 3158 180 3211 tune
195 3157 324 3229 primum
344 3161 471 3235 66661666,
494 3162 636 3234 rebusque
653 3161 821 3234 theologicis
834 3162 918 3218 simul

113 3243 224 3301 dedisse
241 3265 371 3321 operam,
394 3251 480 3323 longe
502 3251 638 3307 evaderet
660 3251 859 3319 verosiz'uilius,
885 3252 918 3319 si,

113 3335 190 3407 quod
205 3322 338 3393 laudatus
357 3339 532 3395 llorlxensius
551 3340 640 3396 etiam
663 3339 761 3406 tradit,
781 3337 919 3394 Sanctum

113 3423 232 3481 Colonia
247 3427 407 3485 aGervasio
421 3427 610 3484 Renaensium
631 3427 855 3499 archiepiscopo,
872 3425 920 3499 qui

111 3510 146 3566 ad
159 3513 236 3569 haue
251 3514 419 3570 cathedram
434 3533 510 3571 anno
527 3518 593 3570 1666
609 3515 872 3586 166161616166166,
884 3515 920 3569 ad

109 3600 255 3658 civitatem
281 3602 466 3671 lismensem,
490 3607 521 3659 ut
547 3602 667 3670 ibidem,
693 3617 763 3673 quas
787 3602 919 3668 callebat,

109 3688 242 3746 scientias
252 3692 378 3760 doceret,
392 3693 478 3749 fuisse
493 3695 670 3757 revocatum,
680 3696 724 3748 sat
737 3695 814 3746 certo
826 3694 921 3764 posset

969 3069 1046 3125 66116
1074 3069 1202 3142 primum
1225 3071 1397 3144 susceperit,
1414 3089 1490 3126 nuuc
1501 3072 1709 3144 indagandum.
1738 3078 1777 3129 66

968 3158 1196 3232 primoquidem
1212 3159 1350 3215 Sanctum
1374 3159 1484 3232 poesim
1508 3159 1615 3215 ibidem
1636 3161 1775 3230 docuisse,

969 3250 1199 3306 concludendum
1217 3254 1337 3324 apparet
1352 3269 1368 3305 e
1383 3251 1496 3307 funebri
1504 3251 1566 3323 ejus
1573 3253 1655 3307 titulo
1675 3256 1734 3323 116;
1746 3255 1776 3309 16

969 3337 1024 3391 666
1034 3337 1112 3391 66116
1125 3338 1358 3394 AtrebatensisS.
1376 3339 1488 3394 Vedasti
1505 3339 1641 3394 Nobiliaci
1655 3343 1777 3397 coenobii

970 3424 1067 3479 schola
1082 3440 1149 3479 cum
1167 3425 1207 3480 ita
1222 3426 1378 3498 alloquitur
1396 3442 1403 3480 :

1008 3553 1203 3570 .....
1242 3516 1301 3579 tibi,
1321 3513 1416 3570 Briareo
1434 3518 1560 3588 16666161
1583 3524 1669 3582 acute,

1009 3603 1094 3657 Vetuit
1108 3604 1150 3658 liic
1163 3606 1229 3673 flore
1242 3605 1367 3670 anundus,
1382 3607 1516 3678 sterilique
1530 3607 1622 3661 decore

1004 3689 1068 3746 Flos
1080 3693 1136 3762 sarit
1150 3695 1178 3747 in
1191 3695 1274 3764 seno:
1291 3697 1377 3764 eipuit
1390 3695 1438 3749 sub
1452 3695 1505 3750 sole
1519 3713 1619 3759 screno,

109 3784 284 3853 argumento
292 3780 418 3853 probari.
435 3784 490 3837 Pro
500 3798 530 3837 se
539 3777 920 3854 quidamcitatldorlrensius
1004 3779 1078 3834 Dum
1093 3788 1139 3834 tea
1154 3788 1283 3845 cantaret,
1297 3782 1383 3837 studio
1397 3782 1461 3837 dum
1474 3801 1549 3837 61666
1562 3789 1678 3845 avocaret.

107 3867 273 3941 antiquum,
288 3868 324 3923 66
340 3884 397 3942 quo
412 3885 493 3924 num.
510 3870 556 3936 49,
574 3868 729 3923 Carthusiae
751 3867 859 3924 Montis·
869 3867 919 3922 Ilei
1005 3867 1167 3922 1161616666
1181 3868 1290 3925 16616161
1304 3869 1498 3934 Berisamum
1509 3872 1704 3942 praecideret.

107 3953 137 4010 in
154 3955 461 4027 Picardiacodicem,a
476 3957 703 4014 Surianoiusuis
714 3956 750 4013 ad
766 3955 919 4012 Suriauam
968 3955 1025 4011 Nec
1039 3960 1152 4013 tantum
1169 3975 1202 4013 ex
1217 3958 1361 4015 inferioris
1376 3958 1484 4015 ordinis
1505 3959 1628 4014 scientiis
1644 3977 1693 4015 seu
1708 3960 1776 4015 arti-

107 4041 208 4100 Sancti
228 4044 322 4102 Vitam
341 4047 577 4105 adnotationibus
603 4064 669 4121 pag.
692 4050 726 4102 79
752 4046 917 4115 laudatum;
968 4045 1022 4100 hus
1036 4045 1158 4118 poesim,
1175 4047 1225 4102 sed
1239 4047 1331 4118 ipsam
1343 4048 1663 4119 ctiamgrammaticam
1680 4049 1777 4103 Remis

106 4137 417 4209 rerumcumdehujus
427 4137 599 4210 antiquitate
611 4135 918 4208 auctoritateque,tam
970 4132 1098 4188 docuisse
1113 4133 1233 4188 Sanctus
1249 4134 1368 4189 videtur.
1381 4135 1494 4191 Etenim
1511 4135 1540 4189 in
1557 4137 1683 4191 ecclesiae
1701 4138 1775 4191 Con·

107 4219 699 4298 5611666666666166661661116111616,
718 4223 753 4279 66
770 4240 917 4296 quonum.
969 4220 1775 4294 stantiensisS.hlariacversibusscholaribus‚quititulum

107 4310 209 4369 itidem
217 4314 262 4383 ts,
272 4316 362 4372 altum
374 4317 487 4386 silente,
504 4315 619 4371 aliunde
634 4314 706 4371 mihi
721 4332 780 4370 non
797 4315 918 4383 constet,
933 4283 1031 4383 Dejus
1053 4311 1206 4367 funebrem
1227 4310 1302 4366 inter
1318 4310 1497 4366 recudoudos
1517 4313 1566 4366 166
1587 4313 1775 4381 constituunt,

108 4399 282 4473 neutiquam
306 4403 396 4459 codex
420 4403 479 4471 ille,
504 4405 534 4457 ut
555 4401 712 4474 apraefatis
733 4401 920 4473 scriptoribus
972 4421 985 4449 6
1000 4400 1157 4454 multorum
1171 4401 1332 4471 praeceptor
1346 4399 1605 4470 grammaticorum
1616 4422 1629 4449 »
1640 4400 1776 4454 exstitisse

107 4487 245 4560 antiquus
254 4493 380 4560 1666161,
396 4491 526 4548 sufficere
543 4492 615 4547 mihi
623 4493 727 4564 potest,
740 4493 771 4546 ut
781 4488 920 4546 Sanctum
971 4487 1146 4557 declaratur,
1159 4486 1210 4543 6161
1221 4491 1329 4555 autem,
1342 4488 1776 4561 66161666,6666666166666-

107 4592 210 4633 rerera
227 4595 243 4634 a
257 4579 389 4637 Gerrasio
407 4581 525 4640 Colonia
544 4581 660 4648 Remos,
672 4582 703 4636 ut
722 4579 918 4649 isticdoceret,
969 4577 1041 4632 ticos
1052 4576 1269 4645 erudierit,uon
1277 4578 1408 4646 addatur,
1421 4578 1519 4632 Remis
1529 4582 1628 4632 tamen
1639 4579 1668 4633 id
1678 4579 1777 4634 fecisse

106 4664 195 4724 tuisse
203 4672 381 4737 revocatum,
392 4686 445 4743 pro
458 4669 621 4727 indubitato
635 4668 769 4724 habeam.
781 4671 853 4724 Rem
869 4670 920 4725 ita·
969 4666 1061 4732 illum,
1074 4665 1235 4721 verosimile
1245 4665 1350 4721 idcirco
1359 4671 1488 4739 apparet,
1509 4667 1586 4738 quod
1600 4667 1776 4738 alibi,quau1

108 4768 165 4827 que
192 4753 278 4823 hauc,
304 4755 345 4811 uti
373 4756 471 4826 etiam,
500 4773 536 4812 an
568 4756 673 4823 Brona,
698 4772 764 4811 cum
791 4756 920 4813 Turonas
969 4755 1066 4810 Remis
1078 4754 1364 4826 umquamdocuisse,
1375 4756 1452 4809 nullo
1464 4756 1549 4825 plane
1560 4755 1776 4827 antiquo,quod

107 4841 283 4914 1661161616
298 4845 638 4918 philosophabatur,
652 4845 682 4901 iu
699 4845 823 4919 patriam
834 4846 921 4904 fuerit
969 4843 1057 4898 fldem
1073 4842 1266 4897 indubitatam
1289 4842 1383 4897 facere
1398 4846 1499 4897 uatum
1522 4844 1566 4910 sit,
1585 4847 1775 4898 monumento

106 4931 919 5006 16161666,1616666116666616,666166161611615611611116
970 4921 1056 5005 queat
1070 4932 1192 4987 ostendi.
1211 4933 1273 4987 Alia
1287 4948 1346 4987 non
1363 4937 1526 5002 occurrunt,
1546 4949 1622 5003 quoe,
1639 4936 1670 4987 ut
1688 4932 1777 4985 seien-

106 5018 252 5092 rebusque
260 5020 429 5093 theologicis
441 5023 513 5078 dans
523 5037 655 5095 operam,
666 5023 837 5078 canonicum
851 5039 918 5095 ege·
969 5021 1023 5076 tias
1032 5020 1178 5076 inferioris
1189 5020 1297 5077 ordinis
1307 5039 1356 5076 scu
1366 5023 1553 5078 humaniores
1563 5021 1671 5074 litteras
1679 5019 1776 5076 Remis

107 5103 157 5174 111,
168 5105 199 5162 16
214 5108 310 5165 166616
322 5110 467 5183 relinquo,
479 5113 508 5166 et
523 5110 559 5166 66
575 5111 632 5167 6116
643 5110 780 5167 Sanctum
791 5115 920 5186 spectan·
969 5111 1054 5169 fuisso
1064 5111 1190 5168 aSaucto
1202 5111 1477 5179 traditasevincam,
1488 5109 1775 5181 possinteouducere.

106 5195 160 5263 ua,
177 5213 242 5271 666
261 5199 431 5255 certioribus
458 5200 696 5275 solidioribusque
722 5201 919 5259 fundamentis
1004 5205 1049 5260 18.
1065 5205 1116 5257 Ast
1128 5201 1197 5276 quid
1212 5199 1776 5273 desublimioribusscientiis,Theologia

107 5289 357 5359 supersiruuntur,
374 5289 526 5345 tractanda
537 5290 718 5363 progredior.
969 5291 1100 5347 videlicet
1111 5307 1143 5346 ac
1157 5291 1338 5364 philosophia
1347 5290 1500 5346 dicendum
1509 5289 1523 5345 ‘t
1533 5289 1653 5345 Sanctus
1662 5306 1777 5362 quoque

144 5377 190 5433 76.
210 5376 528 5451 Brunonemimprimis
539 5379 709 5437 Remiscum
718 5381 920 5438 verosimiliter
968 5385 1029 5437 tam
1043 5382 1129 5448 6666,
1147 5397 1235 5452 quam
1251 5380 1330 5434 illam
1351 5377 1446 5432 Remis
1462 5379 1590 5436 docuisse
1605 5378 1725 5434 videtur.
1737 5384 1777 5436 dc

108 5467 199 5524 etiam
227 5470 271 5525 rel
298 5468 406 5526 16666
435 5470 497 5543 ipsa
527 5470 660 5543 civitate,
690 5475 735 5528 vel
762 5474 829 5530 alibi
856 5476 919 5528 tum
969 5471 1065 5545 primo
1090 5470 1225 5543 quidem,
1251 5484 1317 5522 cum
1356 5467 1482 5524 Bruuoni
1511 5469 1610 5524 166666
1624 5461 1776 5540 ’6166166

107 5571 224 5618 sacram
235 5554 426 5640 Scriptorum,
448 5560 510 5619 torn
524 5559 613 5621 611616
626 5562 805 5642 theologiam
820 5562 919 5622 sedulo
968 5561 1028 5622 viae
1043 5559 1104 5647 1616
1117 5559 1255 5617 duntaxat
1269 5557 1482 5639 philosophiam
1498 5559 1712 5641 acdieologiam
1728 5578 1778 5641 pu-
