3772 5976
112 342 181 399 rma
608 344 787 404 nxrosrno
804 347 839 404 tn
857 344 1025 406 rsnlnos.
1043 376 1078 392 ·-
1095 347 1193 407 PSAL.
1222 349 1267 406 cn
1700 356 1767 415 ltro
1846 347 1853 361 ’

112 471 190 544 quod
204 474 248 527 est
261 475 376 546 tempus
389 470 694 530 statutumdurationis
704 473 915 542 Beleianum
927 482 953 536 A
967 487 1107 545 egressos,
1125 490 1249 548 quorum
1263 473 1314 531 lilii
1328 472 1437 531 terram
1450 476 1649 547 promissionis
1660 478 1772 537 habita-

110 559 278 632 promiserit
302 561 429 619 Christus
446 560 578 617 fidelibus
600 559 668 629 suis,
692 560 771 633 quod
793 577 860 617 cum
877 561 917 617 eis
966 565 1080 629 rerunt,
1095 580 1182 635 quam
1193 580 1344 636 nunquam
1359 563 1546 633 habitassent,
1564 566 1617 622 nisi
1634 569 1770 642 allapsa,

111 650 187 704 esset
199 649 310 706 cunctis
322 651 518 722 diebnsusqne
526 649 563 704 ad
575 648 858 705 consummationem
867 666 918 706 sse·
967 651 997 704 et
1010 666 1027 704 a
1040 651 1151 706 caeteris
1166 651 1332 716 ductoribus
1345 651 1447 707 directi
1460 652 1591 710 luissent.

110 734 167 791 culi
180 735 292 807 (Metti.
302 755 397 808 xxviii,
410 737 467 810 20).
478 737 602 809 Tempus
615 740 713 792 antem
723 736 853 792 medium
862 738 916 806 est,
1229 783 1264 837 N
1277 781 1440 842 ΝΛΜ
1455 783 1500 842 CH

112 824 191 896 quod
205 824 351 884 interduo
366 825 498 884 consistit
510 826 649 892 extrema,
666 824 918 882 interlinemseili-
1242 808 1250 838 ²
1503 825 1510 839 ’

111 914 157 969 cet
170 912 322 985 praesentis
338 913 443 982 saeculi,
458 916 488 969 et
503 913 619 968 initium
634 913 733 970 futuri.
748 915 811 970 Non
828 914 918 986 igitur
1001 910 1109 968 Titulus
1137 913 1288 970 centesimi
1315 914 1442 973 secundi.
1462 913 1589 972 Psalmm
1608 917 1662 989 ipsi
1680 915 1771 975 David

111 998 177 1056 ideo
188 1001 321 1058 desidero
337 1002 512 1075 paucitatem
535 1000 661 1069 dierum,
683 1005 716 1058 ut
737 1005 805 1058 ante
827 1002 918 1059 linem
968 1000 1179 1070 attribuendus,
1193 1002 1223 1058 id
1238 1007 1282 1060 est
1298 1003 1575 1078 Christo,nonquod
1588 1005 1634 1061 hic
1644 1005 1772 1063 Christus

111 1089 207 1145 seculi
220 1107 282 1146 esse
296 1090 438 1159 desinam,
454 1090 504 1146 sed
517 1093 549 1146 ut
562 1089 628 1146 finis
641 1089 738 1147 saeculi
759 1090 917 1164 appropio·
969 1091 1046 1160 aget,
1061 1088 1256 1162 sedquoniam
1262 1092 1457 1166 unnsquisque
1468 1092 1560 1168 tidelis
1571 1091 1620 1166 qui
1630 1094 1677 1150 bie
1683 1111 1773 1167 agens

112 1179 191 1250 quet.
205 1179 282 1236 Etut
296 1178 351 1235 sim
364 1181 460 1236 tecum
482 1177 512 1234 in
538 1177 620 1234 annis
640 1178 820 1248 aeternitatis,
845 1196 917 1252 quo·
968 1175 1125 1247 inducitur,
1136 1178 1305 1236 exhortatur
1318 1180 1539 1236 animamsuam
1549 1180 1587 1237 ad
1600 1180 1773 1238 benedicen-

111 1263 192 1323 niam
206 1267 234 1321 in
244 1269 439 1337 reserationem
462 1272 487 1322 et
500 1267 697 1337 praenotionem
715 1267 846 1334 annitar,
868 1265 918 1340 qui
969 1263 1039 1319 dum
1055 1266 1113 1320 Deo
1128 1265 1206 1322 bona
1220 1267 1384 1335 devotione,
1399 1268 1528 1325 contuitu
1552 1268 1771 1340 beneficiorum,

112 1368 264 1426 nunquam
283 1354 431 1422 deliciunt,
450 1353 519 1426 qnia
540 1369 594 1410 nee
613 1353 788 1427 principium
810 1353 919 1410 habent
968 1368 1032 1425 quae
1044 1352 1089 1408 hic
1102 1353 1234 1410 fidelibus
1246 1355 1306 1423 dat,
1322 1354 1396 1412 etin
1411 1355 1772 1431 luturodaturusest,quae

112 1457 208 1513 neque
223 1441 322 1509 linem,
338 1441 387 1497 ubi
402 1441 473 1497 nibil
486 1442 634 1506 mutabile,
645 1441 716 1498 nihil
727 1442 916 1516 preteritum,
968 1440 1057 1496 etiam
1073 1441 1209 1498 ostendit.
1220 1443 1254 1497 nt
1270 1443 1325 1499 hoe
1335 1441 1540 1500 ea'intentione
1552 1443 1631 1512 lacit,
1641 1449 1774 1502 utexem·
1837 1486 1840 1501 .

113 1529 186 1584 nihil
200 1530 342 1598 futurum,
359 1533 388 1585 et
397 1530 447 1585 nbi
456 1531 548 1587 sancti
561 1535 702 1604 perpetua
716 1548 782 1587 cum
794 1531 917 1588 Domino
968 1530 1016 1602 plo
1027 1529 1070 1584 sui
1080 1530 1152 1585 alios
1162 1530 1436 1587 adbenedicendum
1443 1532 1647 1604 lleoimpellat.
1658 1533 1772 1589 Etbene

110 1617 293 1690 jucunditate
304 1619 483 1691 gaudebunt.
968 1616 1110 1690 superiori
1124 1619 1236 1691 psalmo
1246 1618 1439 1692 subjungitur,
1454 1625 1486 1676 ut
1495 1621 1559 1677 ideo
1571 1637 1633 1676 sese
1648 1622 1686 1677 ad
1692 1621 1771 1678 Chri-

148 1706 224 1775 llarc,
240 1705 370 1778 inquam,
381 1710 458 1775 sunt,
473 1724 537 1779 qsrae
552 1706 582 1762 in
593 1706 735 1764 militante
750 1690 850 1779 402
869 1709 917 1763 Ec·
967 1708 1011 1761 sto
1020 1707 1251 1763 benedicendum
1260 1707 1439 1776 adhortetur,
1447 1708 1770 1781 quoniaminsuperiori

112 1793 199 1850 alesia
213 1793 390 1851 Christianus
405 1797 528 1868 populus
541 1795 592 1851 tibi
603 1797 801 1868 respondebit,
816 1799 846 1851 et
863 1797 918 1852 hoc
930 1792 956 1852 B
966 1796 1079 1866 psalmo
1095 1812 1164 1855 eum
1179 1795 1215 1850 de
1227 1796 1318 1850 salute
1328 1813 1446 1852 suorum
1456 1800 1638 1868 satagentem
1653 1796 1771 1853 audivit.

112 1899 172 1939 non
185 1899 219 1938 ex
234 1899 264 1939 se
274 1883 340 1950 orit,
355 1884 407 1939 sed
417 1900 451 1938 ex
466 1886 494 1939 te
509 1901 516 1947 ;
534 1890 564 1938 tu
579 1883 659 1939 enim
678 1885 802 1955 [andoali
818 1892 917 1941 terram
1003 1881 1130 1951 Benedic,
1140 1884 1232 1937 nnirno
1240 1900 1310 1952 mee,
1318 1883 1445 1952 Domino,
1455 1884 1613 1952 christeae
1620 1884 1771 1940 sidiceret:

112 1972 142 2025 in
156 1972 250 2039 initio,
265 1971 296 2026 id
311 1976 353 2028 est
371 1971 500 2027 minores
510 1971 585 2027 illius
596 1972 695 2044 populi
709 1973 758 2045 qui
772 1976 858 2029 erunt
872 1991 917 2029 re·
969 1970 1440 2044 Quandoquidem,utinsuperiori
1447 1974 1558 2045 psalmo
1566 1976 1713 2029 ostensum
1720 1976 1772 2042 est,

111 2059 255 2131 sponsari,
270 2064 378 2116 terram
394 2064 474 2116 tuam
488 2059 634 2128 fundabis,
646 2065 675 2117 et
684 2061 877 2118 lismoslacies
888 2062 918 2118 in
969 2076 1021 2132 pro
1031 2063 1059 2116 te
1070 2059 1161 2115 oravit
1172 2063 1201 2116 et
1211 2060 1342 2117 mortalis
1352 2061 1443 2116 lactus
1451 2062 1503 2130 est,
1513 2064 1542 2117 et
1553 2061 1604 2117 tibi
1614 2061 1772 2130 benedixit,

112 2147 277 2204 constantia
290 2164 343 2220 per
356 2148 484 2216 initium,
498 2148 528 2205 id
540 2151 584 2206 est
598 2166 650 2222 per
665 2166 713 2206 me
727 2151 775 2223 qui
786 2168 850 2207 sum
861 2150 916 2207 ini·
969 2149 1040 2204 dum
1053 2153 1080 2204 te
1090 2166 1142 2205 sua
1154 2151 1249 2204 morte
1264 2148 1417 2222 reparavit,
1435 2166 1451 2204 o
1466 2153 1558 2206 eninm
1572 2167 1643 2218 nece,
1667 2149 1772 2209 benedic

113 2235 188 2292 tium
202 2239 232 2293 et
247 2236 313 2293 finis
327 2237 471 2293 omnium.
485 2238 526 2294 Bt
539 2238 605 2305 coti,
616 2238 645 2294 id
655 2242 699 2295 est
711 2239 827 2295 altiores
837 2243 866 2295 et
874 2239 917 2295 di·
969 2237 1006 2306 ei,
1023 2237 1107 2294 idest
1128 2238 1284 2310 magnilica
1298 2255 1365 2294 cum
1380 2237 1510 2294 interiori
1532 2238 1695 2296 devotione.
1709 2239 1772 2296 Nou

113 2324 232 2397 gniores
246 2324 321 2380 illius
335 2325 444 2398 populi,
464 2327 518 2382 boe
534 2327 612 2398 quod
632 2330 718 2383 erunt
738 2327 812 2395 coeli,
833 2329 918 2383 ernist
968 2323 1036 2380 dicit
1052 2326 1088 2381 de
1103 2324 1213 2393 anima,
1229 2325 1299 2397 quin
1314 2328 1344 2381 et
1357 2342 1472 2399 corpus,
1483 2325 1654 2383 benedicere
1668 2326 1773 2382 debeat

111 2429 192 2484 opera
214 2431 343 2470 manuum
363 2421 481 2482 tucrum,
497 2414 527 2471 id
545 2417 588 2468 est
612 2414 795 2487 operationes
816 2414 917 2486 gratiae
966 2413 1052 2469 leude
1065 2413 1141 2469 vocis
1149 2413 1309 2482 exterioris,
1325 2414 1375 2469 sed
1385 2413 1432 2469 ubi
1440 2413 1540 2470 anima
1548 2430 1614 2470 vere
1624 2415 1771 2471 ileumhe-

109 2505 168 2558 tuae
183 2501 290 2557 scilicet
303 2502 359 2558 hoc
373 2502 451 2575 quod
467 2501 530 2559 coeli
540 2505 636 2570 erunt,
647 2502 702 2559 erit
708 2518 761 2575 per
771 2492 916 2574 operatio·
967 2500 1087 2571 nedixit,
1098 2517 1156 2556 non
1166 2504 1209 2557 est
1223 2501 1343 2557 dubium
1359 2501 1487 2574 corporis
1501 2501 1772 2571 benedictionem,si

110 2605 162 2645 nes
176 2590 335 2662 gratiarum
357 2591 483 2645 tuarum.
501 2591 535 2645 Et
549 2607 664 2646 necesse
679 2593 722 2646 est
737 2595 768 2648 ut
778 2589 837 2664 ¹ipsi
853 2590 916 2648 coeli
966 2589 1129 2660 oportuerit
1144 2606 1215 2645 esse.
1232 2590 1267 2646 Et
1281 2606 1341 2646 nou
1358 2589 1397 2645 sic
1412 2589 1512 2646 anima
1527 2606 1595 2646 mea
1606 2589 1770 2659 benedicat,

109 2677 163 2733 tibi
173 2677 378 2750 respondeant.
395 2677 452 2749 Ipsi
464 2680 535 2733 enim
550 2679 612 2734 coeli
623 2680 751 2750 peribunt
775 2695 916 2752 corporee
967 2683 998 2733 ut
1009 2677 1206 2750 ineliquaviri
1229 2695 1257 2733 m
1269 2695 1385 2734 suarum
1394 2682 1546 2751 repugnet,
1555 2679 1605 2734 scd
1616 2681 1705 2733 omnio
1713 2697 1773 2752 qna

110 2768 217 2833 morte,
230 2766 274 2821 vel
287 2767 532 2839 respondeantvel
543 2782 613 2834 non,
626 2783 659 2822 ae
673 2767 697 2822 si
708 2767 816 2824 diceret
827 2767 914 2823 :Cum
966 2768 1038 2821 intre
1057 2772 1180 2835 merant,
1196 2697 1228 2821 ia
1239 2770 1283 2822 est
1296 2770 1325 2822 et
1345 2767 1513 2822 sensualitas
1528 2783 1595 2822 mea
1611 2770 1641 2822 et
1659 2766 1768 2823 intelle·

110 2852 164 2926 ipsi
176 2853 234 2910 sint
249 2853 408 2909 necessario
422 2854 554 2927 perituri,
568 2854 662 2911 insani
684 2858 779 2912 essent
797 2854 820 2911 si
840 2856 916 2911 hanc
965 2854 1107 2923 ctualitas,
1123 2857 1152 2910 et
1162 2852 1770 2929 liberumarbitrium,etomnesvires,quae

110 2941 201 2997 vitam
215 2941 375 3015 perituram
390 2958 443 3013 pro
458 2946 487 2997 te
500 2943 634 2999 amittere
652 2944 830 3001 dubitarent.
846 2945 915 3001 Dico
965 2942 1772 3017 sentinanimameebenedicitenorninisonetoejm,quod

111 3030 189 3103 quod
204 3031 401 3103 apripennum,
414 3035 444 3083 tn
457 3038 557 3100 autem,
569 3031 599 3087 id
613 3036 657 3088 est
666 3033 716 3088 sed
733 3037 765 3089 tn
775 3050 916 3105 pmmanes
930 3030 1456 3141 Cestilominns3aesidieetzllxaltete
1466 3030 1771 3103 eumipsiinomnibus

110 3119 141 3174 in
156 3123 309 3176 animuum.
326 3120 450 3193 ideoque
465 3123 548 3192 potes
570 3121 596 3177 ei
617 3121 810 3179 aeternitatem
833 3123 914 3181 dare.
966 3120 1140 3190 obediendo,
1156 3124 1186 3176 et
1196 3122 1251 3176 hoe
1265 3121 1397 3176 contuitu
1412 3118 1539 3175 nominis
1547 3119 1637 3175 saneti
1650 3120 1710 3191 ejus
1720 3119 1772 3176 sci·

112 3207 196 3273 Quod
209 3225 275 3264 enm
291 3212 434 3264 aeternnm
450 3208 528 3277 dicit,
545 3209 583 3264 ad
596 3209 778 3278 bociacit,ut
788 3227 838 3267 eos
852 3227 914 3266 ma·
965 3208 1032 3263 licet
1051 3208 1120 3281 quie
1143 3207 1284 3263 Dominus
1306 3212 1335 3264 et
1356 3207 1547 3279 Omnipotens
1562 3206 1677 3274 dicitur,
1692 3209 1770 3279 quod

110 3294 155 3368 gis
170 3294 207 3350 ad
219 3296 455 3367 respondendum
471 3296 588 3353 alliciat.
602 3296 671 3352 Dico
687 3299 765 3370 quod
787 3299 838 3369 apsi
853 3316 916 3370 per·
965 3312 1073 3363 nomen
1086 3299 1217 3353 sanctum
1234 3300 1286 3365 est,
1298 3297 1327 3352 id
1342 3300 1386 3353 est
1398 3295 1531 3352 amabile.
1545 3295 1659 3368 Repetit
1672 3301 1771 3353 autem

110 3382 197 3451 munt,
212 3387 242 3440 et
257 3401 316 3441 non
332 3384 425 3458 pauci,
441 3386 491 3441 sed
506 3403 593 3440 omnes
604 3393 763 3442 veterascent
775 3387 844 3444 sicet
857 3404 914 3444 aes·
964 3387 996 3440 ut
1010 3385 1098 3441 addet
1108 3385 1147 3441 sic
1164 3385 1312 3454 :Benedic,
1324 3385 1457 3458 inquam,
1472 3385 1568 3440 animo
1579 3385 1770 3454 mco,Domirm

110 3472 260 3538 timentum,
275 3471 381 3528 scilicet
398 3472 437 3529 sie
462 3474 604 3546 paulatim
631 3473 818 3530 inveterando
843 3474 914 3531 dell·
965 3473 1087 3542 Christo,
1103 3481 1128 3528 et
1142 3479 1173 3530 ut
1188 3473 1343 3530 materiam
1357 3475 1467 3530 habeas
1482 3472 1509 3528 ei
1524 3490 1641 3546 semper
1654 3474 1771 3530 henedi-

110 3559 197 3629 cient,
213 3561 246 3615 ut
258 3558 461 3616 vestimentum
474 3562 551 3634 quod
564 3561 752 3630 inveteratur,
767 3565 797 3617 et
811 3562 848 3618 ad
864 3563 914 3620 de·
964 3561 1059 3629 cendi,
1077 3561 1133 3616 noti
1144 3562 1266 3619 altisimi
1276 3545 1378 3632 403
1392 3579 1481 3617 omnes
1497 3562 1681 3617 retributiones
1696 3563 1768 3634 ejus,

109 3647 217 3704 lectum
232 3646 372 3719 persenit,
387 3652 416 3704 et
427 3648 493 3705 ideo
514 3649 609 3705 adhue
629 3666 746 3705 necesso
761 3651 805 3705 est
817 3653 849 3704 ut
861 3650 915 3707 tihi
964 3649 994 3705 id
1007 3653 1050 3705 est
1064 3649 1215 3705 memorioe
1228 3649 1562 3713 commendabeneficia,
1574 3667 1638 3722 qnae
1648 3650 1699 3706 tibi
1705 3651 1768 3722 jam

109 3735 315 3809 respondeant,
327 3736 394 3808 quia
404 3737 427 3792 si
441 3737 497 3793 hoe
508 3738 640 3807 iecerint,
653 3754 695 3794 eos
703 3738 856 3794 existentes
865 3756 913 3794 re·
964 3737 1107 3806 retribuit,
1121 3742 1151 3792 ct
1165 3738 1194 3793 in
1210 3737 1307 3793 tuturo
1322 3738 1480 3804 retribuet3
1496 3737 1769 3809 liceteumgrariter

108 3824 294 3890 terascibiles,
304 3824 604 3894 atdelectibiles,aieut
616 3827 777 3897 opertorium
786 3826 913 3898 aliquod,
964 3824 1128 3894 offenderis,
1146 3829 1175 3881 et
1188 3842 1241 3898 pro
1266 3824 1382 3881 eliensis
1401 3825 1480 3896 juste
1506 3829 1603 3898 posset
1625 3829 1768 3883 aetornum

108 3912 225 3969 metetis
239 3912 374 3978 inluturo
390 3914 426 3968 de
435 3913 652 3970 defectibilitate
665 3915 694 3970 in
707 3915 913 3984 aeternitatem,
963 3912 1184 3970 damnationem
1197 3914 1369 3970 retribuere.
1379 3912 1503 3986 Exponit
1517 3912 1607 3985 igitur
1621 3913 1672 3968 has
1683 3914 1768 3970 retri-

109 4000 295 4069 ttsie,idest
311 4004 405 4072 perte
428 4003 612 4057 mutabuntur.
633 4002 724 4058 Aliter
744 4002 823 4058 enim
853 4020 914 4061 non
963 4000 1167 4071 buliones,sic.
1182 4001 1380 4057 Retrilute'ones
1396 4000 1768 4073 ejusdi00‚quipropitiatur

108 4093 301 4146 mutarentur.
315 4087 497 4145 Mutetuntur
506 4090 585 4147 idem
600 4091 736 4165 estquod
749 4098 774 4145 et
797 4093 913 4149 mutatas
962 4091 1082 4145 omnebus
1095 4089 1278 4162 iniquitatibus
1293 4092 1356 4157 turs,
1370 4091 1399 4143 et
1406 4087 1596 4159 originalibus
1606 4091 1636 4143 et
1647 4089 1766 4145 actuali·

109 4193 171 4246 eoa3
186 4177 237 4234 sed
249 4177 315 4233 ideo
330 4180 373 4233 est
385 4177 552 4250 repetitum,
568 4182 600 4235 ut
620 4179 724 4236 innuat
737 4179 805 4253 quia
820 4197 872 4254 per
882 4196 913 4237 se
962 4177 1025 4247 bus,
1040 4177 1216 4233 remittendo
1227 4194 1285 4245 eas,
1301 4179 1331 4232 et
1341 4176 1540 4250 iniquitatibus
1556 4175 1682 4232 remissis
1689 4185 1767 4234 sanet

108 4264 217 4323 mutari
230 4282 290 4322 non
304 4268 433 4337 possunt.
449 4266 518 4322 ilico
541 4267 618 4339 quod
633 4266 687 4340 ipsi
710 4268 887 4323 mutabuntur
901 4285 914 4335 t
961 4265 1050 4321 etiam
1064 4266 1232 4336 infirmitates
1245 4271 1314 4334 tuos,
1322 4263 1351 4320 id
1363 4267 1405 4320 est
1420 4263 1767 4337 debilitates,quashabes

109 4359 247 4422 tuentem,
261 4353 291 4409 id
306 4356 349 4410 est
364 4354 415 4410 sed
431 4358 461 4410 tu
476 4354 546 4411 idem
566 4357 620 4427 ipse
638 4373 673 4423 es,
690 4355 720 4411 id
738 4358 780 4411 est
800 4334 947 4412 ineam-D
961 4355 1080 4411 adbene
1092 4353 1272 4427 operandum
1283 4370 1317 4409 ex
1328 4352 1420 4426 pravis
1432 4353 1689 4409 consuetudinibus
1698 4369 1764 4425 pee-

108 4441 257 4499 mutabilis
269 4458 308 4498 es.
320 4441 444 4515 Ideoque
458 4446 598 4515 poteseos
611 4443 706 4498 lacero
718 4443 910 4500 incommuta·
961 4443 1055 4516 candi.
1071 4444 1226 4515 Postquam
1242 4442 1320 4497 enim
1335 4439 1464 4513 aliquisa
1478 4445 1597 4512 peccato
1612 4445 1714 4510 cessat,
1730 4459 1764 4499 ex

107 4528 190 4598 biles,
202 4519 233 4585 et
246 4546 306 4586 non
333 4530 369 4588 ed
392 4531 497 4588 horam
527 4548 557 4587 es
580 4530 845 4601 incommutabilis;
861 4533 911 4589 sed
959 4529 1027 4602 ipsis
1045 4533 1228 4603 peccatorum
1240 4527 1495 4584 consuetudinibus
1507 4528 1544 4584 ad
1554 4528 1628 4587 bene
1640 4546 1763 4603 operan-

108 4618 175 4671 anni
189 4618 233 4674 tui
244 4617 376 4687 deficient,
399 4619 428 4674 id
447 4620 491 4674 est
505 4617 607 4675 aeterni
631 4621 709 4674 sunt.
734 4618 795 4688 lloc
811 4622 911 4676 autem
959 4619 1030 4676 dum
1046 4617 1145 4674 debilis
1160 4621 1251 4686 estet
1263 4616 1383 4690 ignavus
1395 4633 1478 4673 more
1496 4615 1616 4683 inllrmi,
1630 4618 1764 4692 quipoet-

108 4703 239 4777 superius
253 4705 333 4773 dixit,
355 4704 402 4761 nbi
423 4705 496 4762 dixit
512 4723 519 4762 ε
536 4707 579 4761 Τιι
592 4714 682 4762 ortem
691 4724 844 4778 permanes,
859 4708 911 4763 sod
960 4723 1048 4779 quam
1063 4706 1230 4762 diuturnam
1245 4705 1583 4776 inllrmitatemevaserit,
1595 4708 1763 4780 longotem-

108 4793 256 4866 repetitut
266 4793 305 4849 sie
315 4793 413 4851 addat.
425 4795 494 4851 Dico
506 4795 583 4867 quod
591 4797 659 4850 uani
664 4797 708 4853 tui
715 4811 770 4853 non
778 4796 909 4866 deficient:
959 4811 1030 4866 pore
1045 4793 1147 4850 debilis
1163 4797 1206 4850 est
1225 4793 1263 4850 od
1284 4795 1479 4866 operandum.
1508 4795 1584 4860 Quas
1601 4793 1763 4850 debilitates

108 4895 181 4954 quos
192 4896 284 4936 annos
298 4881 466 4949 natitatem,
478 4882 507 4938 id
520 4885 564 4937 est
573 4883 746 4939 obtinebunt
756 4883 817 4953 filii,
831 4884 859 4939 id
868 4886 912 4940 est
959 4883 1179 4956 llcuspaulatim
1189 4883 1552 4951 sanat,cumedbonorum
1563 4897 1763 4954 operumcon-

108 4967 187 5025 bona
202 4985 290 5041 opera
316 4986 451 5026 servornm
477 4976 595 5038 tuorum,
619 4989 682 5043 quse
698 4988 783 5027 exse
798 4972 912 5045 parient
960 4971 1141 5027 suetudinem
1150 4972 1313 5027 eosbabiles
1321 4971 1417 5027 iaciat.
1427 4972 1460 5026 Et
1468 4972 1516 5043 qui
1522 4968 1662 5025 Dominus
1673 4970 1762 5026 etiam

108 5073 192 5114 more
203 5057 340 5134 liliorum,
353 5061 431 5132 qnod
446 5062 489 5114 est
496 5059 592 5116 dicere
609 5076 615 5114 :
631 5062 711 5118 Bona
721 5077 810 5133 opera
818 5078 911 5118 causas
960 5059 1075 5124 redimit,
1094 5059 1124 5116 id
1150 5064 1193 5116 est
1211 5059 1337 5115 redimet
1359 5058 1452 5130 pretio
1477 5056 1583 5112 mortis
1604 5074 1662 5113 suen
1676 5061 1761 5114 eitam

108 5149 205 5216 erunt,
215 5164 303 5221 quara
313 5149 385 5204 sarri
400 5148 441 5204 tui
456 5165 548 5205 annos
561 5151 626 5204 tuos
641 5148 824 5206 obtinebunt.
833 5149 913 5205 litut
960 5155 1035 5205 team
1048 5147 1208 5216 detuleritis,
1223 5147 1253 5202 id
1269 5152 1312 5203 est
1325 5164 1362 5202 ne
1371 5147 1408 5202 sit
1423 5147 1546 5203 obnoxia
1560 5155 1670 5207 aeterno
1685 5136 1761 5204 inte·

107 5233 220 5306 possint
232 5251 284 5310 per
298 5237 375 5292 bena
390 5221 478 5309 opera
490 5236 632 5305 habitare,
645 5253 732 5291 serien
746 5253 838 5292 eornm
847 5236 915 5292 diri-
959 5236 1027 5292 ritui
1037 5237 1282 5294 damnandorum.
1295 5237 1328 5291 nt
1342 5234 1491 5291 sciendum
1507 5237 1585 5308 quod
1599 5253 1702 5293 omnes
1715 5254 1761 5294 se·

106 5328 197 5392 peter,
212 5323 295 5379 idest
308 5323 471 5396 ipsaopero
487 5341 551 5398 quse
564 5324 611 5378 hic
625 5324 772 5380 seminant
786 5324 912 5397 dirigcn·
960 5326 1019 5381 mel
1034 5325 1063 5381 in
1085 5342 1168 5381 cruce
1193 5323 1301 5397 positus
1324 5323 1460 5392 redemit,
1486 5325 1537 5381 sed
1564 5341 1630 5382 curn
1657 5326 1761 5383 dicitur

107 5412 157 5467 tur
168 5410 204 5466 de
213 5411 291 5468 bono
303 5412 333 5470 in
346 5413 449 5469 melius
463 5429 588 5487 semper,
604 5412 912 5485 donecperveniantr'n
961 5414 1038 5486 quod
1054 5431 1130 5471 nunc
1144 5413 1249 5469 redirm't
1264 5415 1313 5469 aut
1322 5411 1442 5482 redimet,
1455 5411 1533 5469 idem
1543 5416 1588 5470 est
1601 5430 1634 5471 ac
1647 5415 1671 5470 si
1684 5414 1761 5471 diee-

107 5498 234 5556 saecntnm
247 5499 388 5559 futurum.
403 5501 462 5556 iioc
478 5505 575 5558 eutem
590 5501 667 5576 quod
678 5500 752 5558 lilios
762 5517 912 5560 servorum
960 5505 1006 5558 ret
1016 5517 1024 5556 ι
1036 5503 1091 5559 Per
1109 5501 1234 5576 pretium
1258 5499 1478 5573 redemptionis,
1499 5503 1577 5576 quod
1592 5502 1655 5575 jam
1670 5503 1768 5574 dedit,

108 5587 558 5668 habitaredioitmretlguratum
566 5589 910 5669 pertudoeosdeAEgypto
963 5590 1125 5663 salvandos,
1139 5593 1168 5649 et
1177 5589 1207 5649 in
1222 5589 1358 5665 praesenti
1379 5591 1457 5652 statu
1467 5605 1535 5652 eum
1549 5592 1722 5666 moriantur,
1735 5592 1768 5653 et
