3772 5970
173 304 244 369 ιο00
462 292 496 365 S.
512 296 687 364 enuuoms
705 288 1022 362 mellobaudem
1039 291 1274 358 mernoroms
1293 295 1371 359 uer.
1392 293 1481 358 PARS
1497 294 1519 356 l.
1780 294 1846 360 titt
1876 312 1878 345 Ι

173 431 318 507 adoptivi,
334 431 367 489 ul
379 424 451 488 sicut
467 426 595 502 ipsenon
608 423 723 490 inritus,
736 422 861 482 sedeunt
870 423 972 480 letitia
982 439 1010 500 Α
1021 420 1727 496 hocutcompleaturasimilitudinahoneslorum
1736 420 1844 499 legato·

174 541 228 599 pro
244 523 329 580 nobis
341 537 457 581 crucem
471 516 614 584 sustinuit,
627 516 695 572 licet
707 514 865 571 secundum
881 512 976 568 carnis
1026 529 1103 580 rum,
1118 512 1167 587 qui
1183 514 1344 569 thalamum
1360 513 1477 570 Domini
1495 513 1604 570 intrare
1620 513 1839 586 permittuntur

175 613 356 670 debilitatem
370 609 459 665 tristis
473 609 636 679 appareret,
648 603 689 659 ita
703 605 732 659 et
744 602 794 657 filii
809 604 928 673 ejuspro
942 617 976 656 eo
1027 602 1109 667 Quod
1121 602 1189 658 dicit
1199 603 1228 656 in
1240 602 1283 656 die
1296 602 1413 658 clamavi
1425 611 1451 658 et
1464 611 1539 658 nocte
1554 621 1648 658 coram
1657 610 1695 671 le,
1713 604 1841 678 interpo-

175 704 198 758 si
214 718 330 757 necesse
343 700 440 762 luerit,
456 714 520 752 cum
534 694 633 751 laetitia
648 693 773 749 debeant
787 691 906 746 adversa
916 708 977 746 sus·
1027 690 1115 746 situm
1132 693 1221 757 esl,et
1232 695 1274 746 est
1284 706 1317 745 ac
1328 690 1352 744 si
1367 691 1404 746 sic
1416 690 1541 747 diceret:
1559 691 1636 747 Cum
1647 694 1681 747 tu
1699 693 1840 750 Dominus

175 790 281 858 tinere,
295 791 325 844 et
345 788 374 844 in
390 787 456 858 ipsis
468 783 593 840 adversis
608 797 701 837 orare.
718 781 751 834 Et
766 779 819 833 hoc
834 779 864 833 in
891 778 977 834 titulo
1028 779 1065 833 sis
1079 779 1213 834 omnium
1227 783 1255 834 et
1268 781 1353 848 bens,
1368 782 1398 833 et
1410 795 1464 851 per
1471 780 1526 836 hoc
1540 783 1569 836 te
1584 780 1789 836 manifestum
1803 786 1840 839 aa

176 877 308 934 innuitur
318 893 384 932 cum
399 874 480 929 dicit:
496 872 637 928 Canticum
654 868 753 941 psalmi
774 865 837 938 filias
853 864 931 933 Cora,
950 867 979 919 in
1028 867 1262 938 omnipotentem
1274 884 1351 923 csse:
1367 868 1467 939 etjam
1479 868 1574 939 opifex
1590 848 1668 924 meaa
1686 870 1840 926 saluium·

175 969 265 1039 firnm,
274 981 325 1038 pro
336 963 439 1018 Malean
452 962 487 1016 ad
501 958 718 1031 respondendnm.
736 955 788 1021 Qui
804 956 843 1010 sic
858 955 978 1026 adapta·
1028 957 1146 1023 stiteris,
1164 956 1274 1011 attalia
1288 957 1546 1029 etiamoremquae
1566 957 1596 1013 in
1611 962 1782 1029 conspectu
1794 963 1838 1015 tno

176 1059 235 1111 tur.
253 1053 399 1110 Canticum
413 1051 492 1121 bajas
501 1047 610 1119 psalmi.
621 1045 651 1101 id
661 1044 869 1114 estjocundnm
888 1057 978 1114 nego·
1028 1048 1106 1107 sunt,
1122 1060 1173 1100 oro
1182 1046 1213 1099 ut
1225 1043 1316 1100 oratio
1326 1061 1393 1099 mea
1402 1044 1503 1111 intret,
1516 1044 1547 1100 id
1557 1049 1602 1100 est
1610 1045 1839 1102 admittaturlll

177 1143 250 1199 tium
277 1143 362 1213 huu'us
385 1139 535 1203 tractatus,
556 1133 662 1190 scilicet
677 1131 827 1203 negotium
839 1130 978 1201 passionis
1028 1131 1096 1204 quia
1107 1131 1327 1198 dixeratsalutis,
1335 1132 1426 1204 ipsam
1438 1135 1562 1188 satutem
1574 1133 1714 1188 ostendit
1725 1151 1794 1190 cunr
1800 1136 1838 1191 in·

177 1228 291 1296 chrispi,
307 1228 336 1284 in
351 1243 407 1301 quo
423 1226 482 1297 ipse
495 1240 548 1297 pro
557 1222 646 1276 salute
655 1220 756 1275 mundi
769 1236 867 1291 passus
877 1217 977 1289 proeci·
1028 1220 1173 1291 terponit:
1194 1220 1282 1291 liujus
1296 1219 1404 1276 scilieet
1417 1221 1517 1275 salutis
1531 1219 1614 1276 fuisti
1628 1222 1746 1295 opifex,
1762 1223 1835 1294 quod

176 1319 249 1379 nuit.
266 1318 391 1388 ideoque
407 1314 510 1369 dicitur
525 1312 657 1366 canticum
684 1308 761 1381 quod
789 1308 819 1363 in
834 1308 888 1363 hoc
902 1307 977 1378 psal-
1027 1323 1075 1362 me
1092 1308 1163 1364 adeo
1178 1308 1341 1380 perfectum
1355 1308 1457 1375 fecisti,
1475 1309 1628 1381 quodnon
1635 1312 1781 1367 remissus
1791 1312 1836 1368 lui

175 1423 226 1465 mo
243 1405 418 1469 continetur,
444 1400 617 1472 proponitur
633 1397 699 1472 filiis
712 1395 790 1464 Care,
806 1396 891 1451 idest
912 1393 979 1450 flliis
1027 1397 1078 1452 sed
1089 1396 1213 1463 clamem,
1225 1397 1256 1452 id
1268 1401 1310 1452 est
1325 1398 1451 1452 clamore
1462 1396 1583 1454 inunsae
1599 1397 1773 1455 devotionis
1784 1400 1837 1473 egi,

177 1494 291 1560 christi,
307 1493 355 1565 qui
368 1490 419 1546 lilii
434 1490 495 1562 ejus
506 1487 631 1560 adoptivi
640 1486 708 1542 facti
718 1488 785 1541 sunt
807 1501 859 1557 per
874 1483 979 1555 passio·
1028 1486 1057 1539 et
1068 1486 1096 1537 in
1109 1484 1315 1551 dicetinnocte,
1327 1500 1387 1539 non
1399 1484 1490 1540 factus
1508 1486 1538 1540 in
1549 1486 1596 1541 die
1612 1487 1775 1558 superbus,
1790 1505 1838 1545 nar

177 1599 256 1639 nem.
272 1582 305 1636 Et
313 1577 484 1652 proponitur
498 1576 608 1650 ipsisad
622 1573 839 1647 respondendum,
849 1571 877 1627 id
889 1570 978 1627 estad
1028 1569 1058 1624 in
1075 1574 1158 1626 nocte
1173 1571 1279 1627 timore
1288 1572 1451 1628 confractus
1462 1590 1470 1627 ι
1481 1573 1650 1646 quodaeque
1660 1590 1784 1631 summa
1797 1592 1838 1632 sa·

174 1671 230 1728 hoc
245 1672 278 1727 ut
292 1668 318 1726 ei
333 1665 537 1738 respondeant,
554 1679 613 1719 non
628 1661 721 1718 verbis
735 1661 785 1715 sed
797 1660 888 1727 lactis,
903 1658 978 1714 scili·
1028 1658 1071 1713 lus
1084 1662 1126 1713 est
1142 1675 1178 1713 ne
1194 1658 1402 1730 quisindievel
1417 1659 1447 1715 in
1458 1661 1777 1718 nocteataliclamore
1791 1663 1837 1718 de·

175 1762 222 1817 cet
238 1761 269 1815 ul
283 1755 427 1827 sicutipse
442 1751 595 1827 praecinuit
608 1767 659 1824 pro
676 1749 717 1805 eis
731 1748 878 1821 patiendo,
893 1747 933 1803 ita
949 1751 979 1802 et
990 1750 1015 1810 Β
1026 1747 1118 1803 sistat.
1133 1749 1202 1804 Ilico
1211 1751 1298 1803 intret
1308 1751 1471 1818 oratiomea,
1487 1754 1515 1805 et
1529 1753 1630 1807 utnon
1643 1753 1836 1808 excludatur:

175 1846 230 1921 ipsi
244 1847 268 1902 si
284 1843 443 1919 oportuerit
457 1841 605 1898 succinant
617 1842 647 1894 et
656 1838 865 1910 respondeant,
879 1852 932 1908 pro
942 1853 977 1892 eo
1028 1837 1129 1894 inclina
1142 1844 1327 1905 aurrmlnam,
1344 1838 1666 1896 idestcondescendere
1675 1841 1725 1896 fac
1739 1847 1839 1915 poten-

175 1937 303 1995 mortem
319 1933 378 2005 pati
392 1947 453 1987 non
466 1928 615 2001 fugiendo.
635 1929 669 1982 Et
683 1943 742 1982 non
765 1925 846 1980 inviti
860 1940 979 1996 respon·
1026 1925 1099 1981 tiam
1110 1925 1377 1982 misericordiaetuae
1386 1927 1488 1982 humili
1496 1927 1700 1998 precimeae.h
1710 1930 1841 1986 similitu-

177 2025 277 2086 doaut,
289 2019 426 2093 autquasi
441 2036 474 2074 ex
496 2016 663 2073 necessitate
676 2032 683 2084 ;
697 2014 747 2069 sed
752 2031 806 2086 pro
820 2013 933 2079 Meteri,
947 2012 978 2067 id
1028 2014 1095 2070 dine
1112 2015 1229 2083 medici,
1246 2015 1295 2088 qni
1310 2032 1412 2071 aurem
1439 2020 1549 2089 aegroto
1564 2017 1704 2087 inclinat,
1718 2037 1769 2075 seu
1778 2021 1841 2091 jam

177 2110 384 2168 estsacuudum
397 2106 583 2163 concordiam
596 2102 745 2159 charitatis
760 2106 789 2158 et
803 2100 976 2168 dilectionis,
1027 2103 1130 2174 saepius
1143 2105 1290 2159 ostensum
1307 2107 1359 2158 est.
1384 2104 1418 2158 Et
1440 2120 1555 2160 necesso
1575 2109 1670 2161 estut
1693 2124 1798 2164 aurem
1809 2111 1843 2165 orl

178 2200 287 2256 scilicet
299 2202 331 2255 ut
344 2197 418 2252 sicut
434 2196 494 2268 ipse
508 2211 575 2249 cum
588 2192 728 2248 charitate
741 2190 902 2246 dilectionis
917 2206 976 2244 sus·
1022 2210 1129 2264 precem
1145 2209 1232 2246 meam
1256 2192 1389 2260 inclines,
1411 2195 1476 2265 quia
1491 2197 1582 2248 anima
1603 2213 1666 2250 mea
1689 2197 1796 2269 repleta
1806 2206 1842 2254 est

175 2288 276 2355 tinuit3
288 2285 424 2357 sicetipsi
433 2279 820 2343 cumcharitatesustineant,
834 2283 863 2334 et
877 2279 906 2333 in
923 2279 977 2333 hoc
1027 2280 1114 2347 mab's,
1128 2279 1158 2335 id
1172 2284 1216 2335 est
1230 2280 1389 2352 replebitur
1404 2280 1652 2338 tribulationibus.
1671 2285 1748 2340 ldala
1759 2287 1843 2342 nimi·

175 2392 273 2433 secum
284 2373 469 2431 concordent.
480 2372 552 2427 Nam
563 2370 585 2424 si
598 2367 771 2423 tradiderint
783 2383 977 2439 corpussuum
1027 2385 1093 2424 rum
1108 2385 1160 2441 pro
1173 2364 1407 2424 tribulationibus
1416 2368 1572 2440 saepissime
1585 2377 1754 2444 ponuntur;
1764 2376 1841 2432 verbi

177 2462 349 2529 utardoant,
362 2459 637 2515 charitatemautem
648 2471 707 2511 non
720 2453 979 2521 habeanl,nihileis
1028 2457 1122 2529 gratia
1135 2457 1164 2511 in
1179 2456 1231 2511 lob
1244 2473 1251 2511 :
1269 2476 1285 2509 a
1297 2457 1326 2511 Si
1340 2457 1418 2512 bona
1430 2458 1609 2530 suscepimus
1618 2459 1659 2515 de
1676 2478 1772 2518 manu
1788 2465 1840 2520 llo-

175 2549 306 2625 proderit
317 2547 348 2616 (I
360 2546 423 2603 Cor.
437 2563 497 2610 xm,
510 2545 549 2618 a).
563 2546 597 2599 Et
610 2545 685 2600 hanc
693 2543 909 2614 responsionem
920 2557 978 2597 non
1028 2545 1115 2602 mini:
1131 2546 1207 2600 mala
1222 2547 1319 2600 autem
1332 2562 1421 2617 quare
1435 2563 1493 2602 non
1510 2548 1707 2620 suscipiamus
1720 2554 1795 2624 (dal.
1811 2570 1837 2622 u,

178 2640 215 2698 ad
227 2640 331 2696 horam
346 2638 442 2694 facere
465 2635 584 2701 debent,
599 2633 648 2689 sed
667 2635 795 2704 usquein
808 2630 889 2704 finem
902 2630 976 2685 vilae.
1031 2635 1106 2706 llll.»
1120 2633 1232 2689 Etadeo
1243 2633 1402 2704 replebitur
1409 2635 1582 2692 aalmamea
1591 2638 1839 2712 malis,quoniam

177 2753 192 2782 u
207 2728 261 2794 Qui
271 2723 581 2801 animperseveraverit
595 2721 720 2794 usquein
733 2720 874 2776 ssnemhic
885 2719 979 2774 salvus
1028 2727 1083 2779 vila
1097 2723 1249 2791 rnea,idest
1259 2723 1320 2795 ipsa
1328 2723 1504 2796 animaque
1518 2732 1662 2783 causaest
1672 2728 1742 2784 vitae
1758 2747 1836 2800 mea,

177 2817 348 2888 ormam,
365 2833 392 2884 x,
405 2816 459 2885 ῃ),
476 2812 603 2868 »lielech
615 2809 979 2884 quidemcltorusinterpre-
1028 2811 1300 2884 appropinquantem
1313 2814 1359 2866 est
1369 2811 1625 2885 appropinquabit,
1641 2817 1837 2886 infernmscih·

177 2908 266 2963 tatur.
284 2904 397 2961 Etenim
425 2901 493 2976 quia
510 2899 540 2956 in
555 2900 644 2955 choro
663 2900 736 2954 solet
747 2915 808 2954 esse
823 2896 979 2953 concordia
1028 2903 1075 2955 cet
1085 2917 1136 2973 per
1144 2898 1645 2974 nimiumtribulationumpondusa
1657 2920 1837 2977 corporesc-

177 2999 288 3063 cantus,
303 2993 410 3052 lleiech
424 3008 477 3064 pro
488 2988 642 3046 concordia
658 2990 859 3058 competenter
873 2985 976 3056 accipi·
1028 2988 1168 3059 paranda,
1185 2989 1214 3043 in
1226 2987 1374 3043 infernum
1386 2988 1541 3044 descendet
1554 2991 1728 3062 :etpartem
1734 2996 1839 3051 salvan·

178 3086 331 3141 tnr.Ethoe
347 3086 390 3139 est
402 3080 546 3137 intetbctua
557 3077 649 3132 Emori
664 3075 803 3142 Israelita,
819 3074 848 3130 id
862 3077 906 3130 est
922 3039 1012 3130 hocC
1027 3076 1132 3131 dorum
1146 3075 1215 3131 inde
1228 3076 1372 3131 extrahet.
1387 3075 1455 3131 bico
1467 3076 1545 3151 quod
1554 3077 1659 3134 anima
1672 3084 1839 3156 meareple·

178 3170 468 3234 intellexitChristus,
486 3184 546 3222 esse
570 3166 677 3220 scilicet
690 3163 879 3229 cantandum,
893 3163 922 3217 id
936 3166 979 3217 est
1028 3162 1396 3219 biturtribnlationibus.Et
1403 3164 1593 3220 adcumulum
1599 3169 1838 3238 persecutionum

175 3262 336 3336 iocundum
347 3259 376 3314 in
392 3257 491 3314 anima
503 3254 735 3319 intribnlatione,
749 3252 815 3307 licet
823 3251 980 3307 tristitia'sit
1030 3255 1323 3319 mearum,aestirnatas
1331 3269 1400 3319 aum,
1410 3252 1440 3307 id
1451 3254 1698 3312 estaestimabora
1709 3274 1840 3330 persecu·

180 3349 304 3407 exterius
319 3365 353 3404 ex
367 3362 473 3413 carne;
504 3346 595 3400 Eman
616 3342 721 3413 quippe
733 3342 830 3411 frater,
852 3340 981 3395 israelita
1030 3341 1143 3398 toribus
1167 3340 1240 3396 meis
1251 3341 1366 3406 ludaeis,
1381 3358 1442 3395 cnm
1454 3342 1675 3399 descendentibus
1689 3347 1720 3399 in
1744 3348 1840 3416 laeam,

180 3455 247 3494 vcro
271 3436 360 3491 uidens
387 3435 476 3490 Deum
500 3432 716 3504 interpretatur.
740 3428 821 3484 Unde
853 3444 981 3500 congrue
1031 3431 1061 3485 id
1070 3432 1114 3484 est
1123 3446 1189 3485 cum
1199 3429 1606 3486 latronibusdescendentibus
1616 3432 1649 3488 in
1660 3435 1844 3506 profundita-

182 3526 308 3582 Ghristus
322 3525 413 3579 Eman
429 3520 556 3578 israelita
572 3519 696 3575 dicitur:
719 3516 767 3589 qui
782 3517 871 3572 freter
886 3521 983 3573 noster
1031 3521 1091 3574 tem
1107 3517 1253 3582 viliorum,
1271 3516 1425 3588 deputatus
1440 3534 1504 3573 sum
1517 3517 1624 3590 dignus
1634 3521 1739 3578 tradit
1757 3524 1844 3595 rpilar

182 3620 234 3682 est,
249 3616 279 3670 et
289 3611 448 3669 secundum
456 3609 669 3666 humanitatem
681 3612 811 3663 nostram
821 3622 907 3678 quarn
917 3622 982 3676 par·
1030 3606 1067 3661 iu
1081 3609 1216 3661 mortem.
1234 3605 1314 3660 Unde
1328 3605 1470 3676 propheta
1482 3608 1622 3662 testatur:
1640 3629 1654 3656 ι·
1665 3611 1780 3668 Etcum
1792 3613 1846 3668 ini·

182 3701 317 3776 ncipavit,
332 3704 361 3757 et
375 3699 532 3755 secundum
549 3696 827 3762 divinitatemsuam,
843 3693 983 3764 cujusne·
1034 3694 1096 3768 quis
1111 3693 1265 3766 deputatus
1275 3697 1317 3747 est
1327 3691 1394 3765 (Isa.
1411 3710 1470 3762 aru,
1490 3698 1537 3764 ¹23
1550 3695 1618 3750 Lac.
1633 3713 1706 3767 1111,
1720 3701 1801 3773 27).»
1812 3701 1846 3757 Bt

181 3792 226 3849 bis
245 3789 500 3866 participationem
520 3784 648 3841 donavit.
683 3784 764 3839 Unde
792 3782 870 3837 idem
894 3781 982 3837 dicit:
1033 3784 1203 3853 sactussum,
1216 3782 1245 3837 id
1260 3771 1381 3837 estllam
1402 3798 1456 3853 pro
1468 3783 1655 3854 reputatione
1672 3790 1846 3848 eornmriln

186 3903 201 3932 a
216 3879 385 3952 Quicunque
410 3874 511 3932 lecerit
534 3875 713 3929 voluntatem
728 3870 819 3927 Patris
833 3869 901 3938 mei,
924 3869 984 3941 ipse
1034 3875 1065 3927 et
1075 3871 1211 3942 abjectus,
1227 3869 1300 3924 sicut
1315 3871 1392 3924 bomo
1404 3872 1460 3925 siue
1474 3871 1622 3942 adjutorio,
1637 3873 1756 3932 scilicet
1770 3883 1846 3952 puta·

183 3986 265 4025 meus
275 3969 367 4024 frater
382 3968 425 4021 est
438 3961 538 4034 (Marc.
553 3975 598 4024 ιιι,
617 3960 657 4032 5).
669 3980 683 4010 n
699 3961 733 4014 Et
746 3958 833 4015 alibi:
852 3981 866 4008 a
886 3956 986 4025 lte,di·
1034 3958 1107 4015 bunt
1122 3975 1169 4013 me
1185 3958 1349 4013 nullatenus
1359 3958 1554 4030 adjuvandum
1567 3976 1646 4017 esse:
1659 3979 1739 4021 cum
1751 3971 1846 4039 egota-

184 4058 240 4113 cita
259 4054 396 4112 fratribus
411 4051 482 4108 meis
497 4049 610 4122 (Marcu.
627 4065 722 4115 xxvm,
746 4050 798 4113 ιθ).
815 4067 830 4097 n
859 4046 985 4102 israelita
1034 4065 1102 4104 men
1113 4048 1228 4102 futurus
1237 4046 1292 4102 sim
1304 4047 1370 4101 liber
1381 4048 1466 4119 ajuro
1483 4048 1594 4112 mortis,
1607 4050 1771 4111 existendo
1786 4059 1847 4110 mr

183 4161 252 4201 vero
267 4142 356 4215 digne
370 4140 484 4196 dicitur.
496 4138 565 4203 Quis
577 4137 656 4193 onim
669 4136 695 4192 ei
709 4138 803 4208 potest
813 4133 986 4208 equiperari
1035 4135 1279 4191 mortuas.Scilicet
1292 4151 1358 4191 cum
1374 4152 1424 4191 ero
1435 4135 1466 4190 in
1480 4152 1604 4192 numero
1616 4143 1812 4200 mortuorum
1821 4143 1848 4198 in

186 4216 285 4305 349
310 4231 341 4287 in
357 4229 408 4286 Ilei
423 4226 543 4295 visione,
559 4225 639 4297 cujus
657 4223 870 4281 humanitatem
891 4223 985 4279 Verbo
1036 4241 1156 4298 corpore
1172 4228 1314 4292 mortuus;
1328 4240 1387 4280 non
1400 4227 1556 4280 erotamen
1567 4224 1598 4282 in
1609 4230 1765 4299 potestate
1775 4247 1847 4288 mor·

185 4320 236 4379 bei
252 4319 440 4392 conjunctam
452 4332 512 4373 esso
526 4331 586 4371 nou
602 4316 646 4371 est
661 4313 793 4379 dubium,
808 4312 838 4368 in
855 4313 987 4384 ejusdem
997 4319 1024 4378 D
1036 4313 1082 4380 tis,
1098 4316 1129 4367 ut
1140 4329 1187 4368 me
1199 4311 1327 4368 retinere
1337 4312 1447 4379 valeat;
1458 4312 1588 4368 sedliber
1598 4331 1663 4384 ero,
1680 4320 1717 4373 ut
1733 4319 1849 4392 qnando

185 4426 315 4483 persona·
330 4403 518 4464 inenarrabili
532 4403 661 4459 unionc‘l
677 4402 794 4457 Perhoc
810 4399 898 4474 igitur
913 4400 987 4456 sslios
1037 4400 1108 4458 mihi
1123 4400 1272 4473 placuerit,
1288 4400 1458 4471 resurgendi
1468 4400 1592 4457 habeam
1604 4402 1850 4463 facultateml'er

187 4499 259 4554 Coro
272 4497 459 4552 vehementer
474 4492 593 4550 attrahit
605 4490 642 4546 ad
656 4489 836 4546 cantandum
852 4488 881 4544 in
896 4488 987 4544 tribu·

186 4587 306 4654 latione,
333 4600 399 4641 cum
416 4584 567 4657 perhibeat
582 4580 726 4636 Christum
740 4579 795 4634 hoc
805 4577 986 4635 intellexisse.

187 4676 250 4732 Non
266 4673 345 4731 enim
356 4674 411 4728 hoc
425 4670 620 4736 intellexisset,
635 4668 657 4724 si
678 4683 738 4723 non
754 4666 852 4739 utique
871 4666 907 4722 ad
922 4681 987 4739 pas-

187 4765 276 4822 sionis
290 4759 488 4819 obedientiam
503 4757 663 4815 voluntarie
679 4755 859 4812 cucurrisset.

222 4854 337 4911 Domine
351 4853 437 4907 Pater
459 4848 532 4903 Deus
546 4845 641 4918 opifex
664 4845 757 4900 salutis
769 4861 834 4899 mea
847 4845 874 4897 in
893 4841 945 4911 die,
959 4842 988 4898 id

187 4947 231 5001 est
248 4943 279 4999 in
294 4937 495 5015 prosperitate,
510 4940 536 4990 et
554 4940 640 5001 nocte,
656 4932 687 4987 id
705 4935 748 4987 est
761 4931 791 4987 in
804 4932 987 4995 adversitate,

186 5028 342 5097 clamaui,id
357 5028 534 5084 estclamorc
545 5023 658 5078 intenso
670 5019 716 5093 egi
724 5020 808 5076 bonae
817 5020 988 5076 devotionis.

187 5122 221 5176 Et
236 5121 291 5175 hoc
304 5119 448 5173 astrorum
461 5119 494 5181 le,
518 5111 548 5166 id
558 5111 601 5165 est
610 5109 665 5164 hoc
675 5108 754 5162 vides
766 5109 808 5175 tu,
824 5109 988 5180 quicunqne

188 5209 241 5264 hoc
251 5206 379 5279 ignoret.
395 5204 471 5274 Ergo
483 5200 571 5257 oratio
582 5215 639 5253 mea
648 5197 723 5253 facta
738 5198 766 5251 in
779 5203 917 5267 conspecta
932 5203 987 5261 tiro,

189 5298 217 5354 id
231 5292 396 5353 estfactade
404 5291 452 5348 tali
463 5306 566 5363 requae
577 5291 620 5344 est
631 5286 660 5343 in
669 5286 825 5359 conspectu
838 5289 897 5354 tuo,
912 5285 987 5339 scili·

187 5384 321 5441 calfacta
335 5381 371 5437 de
383 5377 561 5453 perfectione
575 5374 758 5443 constantiae,
773 5376 803 5429 et
817 5372 987 5428 deresurre·

1038 4491 1092 4545 hoc
1107 4489 1185 4562 quod
1197 4506 1226 4544 se
1240 4489 1364 4544 liberum
1381 4488 1460 4556 dicit,
1473 4489 1796 4560 quoniamvoluntarie
1804 4511 1849 4569 po·

1039 4579 1135 4646 tietur,
1152 4577 1259 4644 innuit,
1276 4577 1352 4632 unde
1366 4593 1421 4632 nos
1436 4577 1472 4633 ad
1487 4577 1625 4634 allectum
1644 4582 1785 4653 patiendi
1808 4585 1849 4640 iu-

1038 4666 1134 4724 struit.
1151 4668 1185 4722 Et
1197 4666 1365 4722 eristinmbor
1373 4666 1468 4721 adhuc
1475 4666 1513 4722 ab
1526 4666 1640 4724 eisdem
1650 4674 1850 4742 persecutori·

1038 4757 1091 4813 hus
1103 4772 1165 4812 esse
1180 4756 1325 4829 peccator,
1333 4754 1406 4810 sicut
1418 4754 1573 4810 suntmulti
1584 4757 1739 4816 vulnerati
1753 4762 1852 4833 prinae

1038 4843 1316 4917 pravasuggestione
1326 4859 1566 4915 percensensum,
1577 4845 1686 4916 etjam
1702 4849 1850 4906 dormien-

1037 4936 1081 4989 tes
1092 4936 1121 4989 in
1132 4933 1266 5005 sepulcris,
1277 4933 1306 4988 id
1319 4935 1364 4987 est
1372 4933 1457 5002 sopiti
1469 4934 1498 4988 et
1512 4933 1622 4988 mort-ui
1633 4933 1665 4989 in
1679 4938 1851 5011 corporibus

1038 5021 1096 5077 suis
1110 5039 1162 5094 per
1176 5021 1376 5094 operationem
1390 5020 1487 5076 nimias
1501 5021 1795 5093 voluptatis.Scilicet
1806 5044 1850 5084 ma

1039 5110 1162 5166 similem
1178 5111 1353 5181 reputabunt
1368 5109 1575 5180 peccatoribus,
1592 5110 1643 5182 qui
1660 5114 1749 5184 prius
1764 5133 1851 5188 asag-

1038 5199 1169 5270 gestione
1181 5216 1232 5253 sua
1246 5199 1274 5252 in
1290 5214 1431 5254 consensu
1443 5197 1596 5264 vulnerati,
1601 5199 1669 5270 jam
1684 5202 1849 5261 adconsue·

1038 5286 1169 5343 tudinem
1185 5286 1326 5358 operandi
1340 5286 1518 5357 voluptatem
1533 5286 1737 5361 devenerunt,
1744 5293 1848 5350 eladae

1038 5374 1229 5448 quodanimae
1240 5390 1342 5431 eorum
1352 5377 1419 5430 sunt
1428 5373 1585 5429 dormientes
1599 5374 1632 5431 in
1647 5381 1808 5451 sepulcris,
1822 5380 1849 5437 id

187 5472 292 5537 ctione,
308 5485 373 5541 que
389 5467 442 5524 tibi
459 5468 535 5523 bene
547 5465 675 5540 placent,
691 5467 723 5519 ut
738 5462 773 5519 de
788 5461 829 5517 eis
845 5476 943 5518 orem:
958 5464 988 5518 et
1036 5467 1080 5520 est
1089 5463 1189 5536 sopitae
1202 5466 1360 5519 etmortuae
1370 5463 1399 5521 in
1407 5463 1847 5543 voluptatibuscorporum,que

186 5573 251 5631 qua
263 5559 340 5617 douo
356 5555 446 5630 digna
457 5556 534 5624 sunt,
551 5557 642 5620 intret,
657 5553 686 5613 id
704 5555 747 5611 est
763 5549 937 5609 admittatur
950 5548 987 5611 ad
1036 5554 1115 5611 recte
1129 5550 1267 5625 sepulcra}
1281 5567 1333 5625 per
1351 5549 1571 5612 similitudinem
1601 5553 1761 5617 dicuntur.
1776 5558 1847 5617 Sient
