3772 5970
190 294 242 365 tu
493 259 1546 363 sanuuonrsmaransunonouusruuronrsonesimi
1798 282 1850 356 tat

192 425 281 484 rerba
298 421 427 495 Domini,
437 406 673 492 cureminelinat‚
684 422 822 480 Inclinato
837 440 901 496 ego,
913 423 943 478 id
954 425 1033 487 estA
1053 421 1094 480 tit
1110 439 1151 478 me
1161 420 1183 478 si
1198 421 1441 490 timuero,tamen
1454 420 1509 478 hac
1524 434 1578 495 ego
1593 432 1698 488 cuent
1713 410 1765 476 sed
1776 416 1850 476 hano

198 516 337 574 attentabo
346 513 583 570 anremcordisin
597 514 777 587 parabolam,
790 512 866 567 idest
878 513 914 568 ad
923 528 994 585 opus
1046 512 1086 567 illi
1096 513 1205 567 hahent
1228 513 1280 567 urai
1291 509 1430 584 confidunt
1442 513 1469 565 in
1484 514 1581 567 virtute
1596 527 1645 566 saa
1660 509 1806 576 interiori,
1821 508 1848 566 id

195 602 671 680 parabolaeaudiendrrinterius,ab
685 601 876 673 illamagistra
888 601 995 657 Verita-
1046 601 1145 672 estqui
1161 601 1222 655 sine
1237 600 1288 655 ilci
1303 600 1397 672 gratia
1411 600 1594 656 sanctitatem
1605 616 1700 667 suam,
1717 616 1782 672 quae
1798 613 1848 655 nee

190 697 220 753 tc
234 699 277 751 :et
286 697 438 767 postquam
449 692 586 747 inclinata
596 708 664 746 aure
676 691 812 756 didicero,
825 692 954 761 aperiam,
964 690 993 747 id
1044 689 1132 745 ctiam
1144 689 1278 745 sanctitas
1292 691 1333 743 cst
1347 689 1478 757 dicenda,
1495 689 1660 744 adsalutem
1671 704 1756 743 suam
1771 689 1847 744 sutu-

192 788 234 840 est
246 783 397 838 manifeste
411 780 562 835 ostendam
579 781 787 851 prepositiouem
799 797 894 844 meniu,
914 763 992 851 158
1042 768 1312 833 cc1·eeredunt.lle
1336 776 1519 850 quibusalibi
1548 777 1750 832 Psalmistatu
1766 778 1847 850 Gigas

191 873 221 929 id
236 874 279 927 est
288 871 465 944 parabolam,
476 886 535 923 non
545 870 637 923 solum
650 883 710 934 ore,
724 868 773 923 scd
782 870 812 924 in
817 868 953 940 psalterio,
963 868 992 923 id
1042 883 1100 922 nou
1125 866 1280 921 salvabitur
1295 867 1323 921 in
1347 867 1532 921 multitudine
1557 866 1669 922 virtutis
1685 875 1744 921 suae
1760 866 1845 937 (Psal.

191 964 233 1017 est
248 962 325 1016 bona
333 958 510 1032 operatione.
523 957 605 1022 Quod
621 961 663 1012 est
676 957 789 1012 dicere:
807 958 992 1013 Noutautum
1040 973 1124 1023 xxxu,
1143 956 1222 1026 16).»
1239 956 1279 1011 Et
1293 954 1334 1010 illi
1344 956 1453 1011 liabent
1471 955 1654 1027 iniquitatem
1670 957 1720 1028 qui
1733 955 1847 1026 aurun

192 1049 342 1106 ostendam
353 1046 489 1114 voce,sed
502 1048 530 1100 et
539 1047 615 1101 bona
629 1045 797 1118 operatione
809 1063 889 1118 3quae
899 1051 992 1102 osten·
1043 1051 1087 1098 tur
1097 1044 1191 1100 nonin
1204 1045 1272 1111 Deo,
1286 1045 1336 1099 sed
1349 1045 1846 1114 iainuititudiaediuitiarumsuorum,

189 1139 230 1196 sio
247 1155 299 1212 per
309 1135 509 1209 operationem
523 1137 614 1190 multo
625 1133 769 1190 efficacior
778 1137 927 1207 est,quam
939 1149 991 1205 per
1041 1133 1180 1205 ponendo
1194 1132 1222 1187 in
1239 1133 1279 1188 eis
1300 1150 1382 1204 spem
1410 1134 1490 1206 quasi
1506 1146 1573 1189 vera
1587 1134 1665 1188 bona
1681 1137 1711 1188 et
1732 1150 1846 1192 summa

189 1243 289 1284 vocem
298 1227 399 1282 solam.
1042 1224 1145 1276 esseut.
1158 1222 1235 1286 Quos
1249 1222 1428 1277 confidentes
1439 1226 1467 1277 et
1484 1223 1640 1293 gloriantes
1656 1223 1737 1294 quod
1749 1223 1843 1295 hujus

226 1316 372 1381 Quantam
385 1328 452 1368 vero
464 1311 632 1385 psalterium
660 1313 703 1367 est
723 1312 870 1385 quoddam
887 1312 991 1367 instra·
1041 1310 1121 1367 modi
1135 1313 1210 1378 sunt,
1221 1311 1308 1381 frater
1322 1328 1375 1365 noa
1391 1311 1507 1379 redimit,
1532 1310 1562 1365 id
1577 1315 1621 1366 est
1632 1311 1775 1379 Christus,
1800 1311 1844 1385 qni

188 1407 322 1461 mentum
339 1403 489 1469 musicum,
505 1417 556 1472 per
571 1401 648 1474 quod
664 1400 806 1455 cantilena
821 1401 992 1476 exprimitur
1040 1399 1132 1455 trater
1158 1403 1202 1454 est
1235 1400 1366 1455 omnium
1394 1399 1551 1468 bonorum,
1581 1401 1738 1473 participes
1764 1402 1846 1456 erunt

190 1493 362 1566 operatione
378 1507 530 1558 manuum,
547 1488 713 1564 psalterium
729 1506 781 1562 pro
795 1489 873 1545 bona
887 1507 991 1562 opera·
1040 1488 1392 1560 beatitudinisejus.Unde
1400 1492 1465 1559 post
1474 1489 1719 1545 resurrectionem
1730 1490 1768 1545 de
1780 1502 1845 1561 apo··

187 1582 267 1638 tione
283 1577 936 1653 ponitur.Parabolamverodicithancquam
952 1578 990 1634 la·
1040 1577 1118 1633 stolis
1141 1577 1229 1632 dixit:
1247 1580 1323 1644 «lte,
1351 1578 1481 1633 nuntiate
1511 1577 1649 1634 fratribus
1680 1579 1767 1647 meis,
1793 1582 1844 1634 etc.

188 1673 285 1726 cturus
300 1673 342 1725 est
355 1668 584 1735 instructionem,
600 1682 635 1722 eo
651 1666 729 1740 quod
745 1683 804 1722 non
819 1667 870 1722 liat
885 1667 989 1739 apertis
1040 1665 1256 1737 (Martanum,
1266 1667 1784 1741 10);nEtalihi:rQuicuuquetecerit
1795 1683 1841 1724 vo·

186 1760 291 1822 vorbis,
308 1758 358 1813 sed
370 1755 450 1828 quasi
471 1772 523 1828 per
537 1755 675 1829 quasdam
690 1755 892 1810 similitudines
904 1772 910 1809 :
924 1771 990 1810 curn
1004 1754 1030 1813 B
1041 1755 1282 1824 luntatemPatris
1293 1756 1361 1823 mei,
1369 1755 1429 1827 ipse
1440 1773 1521 1811 meus
1530 1757 1629 1820 trater,
1641 1779 1656 1807 a
1667 1759 1724 1812 etc.
1734 1757 1844 1830 (Marri.

186 1849 270 1922 pouit
280 1848 451 1903 calcaneum
467 1846 618 1916 prostratu,
635 1846 743 1899 etcum
760 1843 837 1911 dicit,
850 1866 864 1893 «
877 1858 992 1916 compa·
1040 1858 1089 1910 ιιι,
1099 1842 1153 1913 50).
1168 1843 1249 1908 Quod
1266 1846 1308 1897 est
1321 1843 1416 1898 dicere
1434 1860 1440 1899 :
1458 1843 1530 1899 Cum
1541 1845 1632 1900 frater
1643 1862 1697 1918 pro
1710 1846 1846 1901 omnibus

185 1937 324 1997 natusest
338 1933 482 2006 jumentis
505 1931 590 2004 (Prot.
602 1948 694 1999 rnvru,
710 1930 787 2003 lits>
802 1936 869 1999 etc,
894 1931 993 2002 hujus·
1040 1948 1138 2004 passus
1146 1931 1191 2000 sit,
1207 1932 1474 1987 utomnesredimat
1480 1932 1612 2005 passione
1625 1950 1689 2003 sua,
1701 1937 1844 2007 qnantum

186 2025 288 2081 modi:
306 2039 370 2096 quse
398 2021 486 2077 etiam
502 2021 639 2093 parabola
655 2021 811 2093 propositio
824 2019 936 2088 dicitur,
953 2036 987 2076 eo
1039 2020 1076 2075 ad
1089 2037 1169 2075 suam
1185 2020 1323 2090 pietatem
1341 2037 1347 2075 :
1365 2023 1463 2076 tamen
1487 2038 1546 2077 non
1571 2021 1691 2077 redimit
1702 2039 1756 2079 eos
1775 2038 1844 2096 quos

186 2110 527 2187 quodadcorrectionem
539 2108 660 2164 aliorum
667 2112 865 2181 proponatur:
883 2113 989 2182 etquo⁴
1039 2108 1204 2181 supradixi,
1225 2111 1367 2180 quantum
1388 2109 1424 2164 ad
1440 2126 1542 2164 eorum
1555 2110 1764 2181 iniquitatem3
1779 2111 1844 2184 qnia

185 2201 266 2259 niam
274 2218 308 2256 ex
316 2198 482 2272 hujusmodi
491 2196 691 2264 locutionibus,
706 2213 771 2251 cum
785 2197 987 2267 obscuraesint,
1038 2197 1201 2253 nolentesei
1210 2197 1386 2252 conformari
1394 2198 1842 2271 repelluntaseredemptionem

187 2288 364 2364 questiones
378 2288 490 2343 soleant
517 2285 662 2358 generari,
687 2285 762 2340 tacta
777 2285 988 2351 ⁸exhortatione
1038 2285 1149 2341 Etcum
1165 2287 1440 2341 nonredimantura
1454 2284 1555 2352 fratre,
1566 2287 1680 2343 redimet
1693 2305 1747 2344 eos
1758 2291 1841 2358 tamn

184 2378 287 2453 incipit
299 2378 354 2433 hoc
384 2375 462 2448 quod
488 2373 631 2447 promisit,
657 2373 709 2428 sic:
731 2373 803 2441 Dixi,
817 2373 917 2443 audite,
933 2376 988 2431 hoc
1036 2374 1066 2430 id
1081 2379 1123 2430 est
1137 2375 1229 2430 Adam
1243 2378 1325 2430 vetus
1335 2376 1435 2443 homo,
1449 2376 1493 2431 cui
1508 2378 1574 2431 sunt
1584 2377 1777 2434 conformes?
1791 2379 1842 2435 Ne

183 2466 308 2523 scilicet:
327 2463 486 2521 Curtimebo
501 2462 575 2517 indie
587 2462 772 2526 malatouod
781 2466 824 2517 est
832 2478 864 2517 ac
871 2463 892 2517 si
900 2463 984 2520 dicat:
1037 2479 1192 2536 quaquam.
1212 2464 1261 2518 Vel
1278 2463 1316 2519 sic
1333 2465 1455 2519 :Frater
1474 2465 1562 2521 homo
1586 2482 1647 2521 uon
1662 2466 1785 2523 redimit
1795 2480 1841 2525 cot

182 2555 287 2612 Beatus
302 2555 350 2610 ille
365 2553 418 2626 qui
432 2569 490 2609 non
505 2551 621 2607 timebit
635 2551 664 2606 in
688 2550 734 2605 die
750 2552 837 2618 mala,
853 2550 882 2606 id
900 2552 985 2608 estin
1036 2551 1092 2620 bic,
1108 2552 1201 2619 idest,
1227 2552 1353 2608 Christus
1373 2555 1422 2627 qui
1445 2554 1535 2610 trater
1550 2557 1649 2610 noster
1668 2559 1725 2624 est,
1743 2565 1839 2613 secun·¹

182 2643 229 2700 die
237 2642 355 2716 judicii3
368 2640 493 2715 quaeerit
501 2640 560 2696 dies
568 2640 655 2707 mala,
665 2639 850 2711 quantumad
861 2639 983 2713 impios:
1036 2640 1104 2696 dum
1126 2641 1203 2714 quod
1218 2641 1318 2709 homo,
1336 2658 1394 2697 nou
1416 2643 1535 2698 redimit
1553 2661 1602 2700 eos
1617 2645 1663 2700 hic
1679 2649 1779 2704 morte
1792 2662 1838 2703 sna

184 2733 246 2789 dies
262 2732 370 2787 seilicet
392 2729 562 2786 calamitatis
572 2731 602 2783 et
620 2727 754 2782 miseriae.
773 2727 854 2796 Quia,
868 2729 986 2786 siluerit
1036 2729 1071 2785 ab
1082 2730 1223 2802 injustitia
1240 2746 1351 2785 eorum.
1372 2731 1505 2787 Redimet
1520 2750 1589 2804 ergo
1609 2749 1661 2790 eos
1675 2734 1708 2788 in
1721 2734 1837 2790 tuturot

180 2823 209 2879 in
228 2821 271 2876 die
286 2820 358 2876 mola
369 2823 401 2874 ut
420 2818 541 2874 timeam
557 2816 789 2885 damnationem,
805 2834 852 2871 eur
865 2818 984 2875 timebat
1043 2801 1128 2890 159
1145 2819 1273 2875 Minime.
1283 2820 1317 2874 Et
1325 2821 1427 2876 horest
1440 2822 1518 2893 quod
1529 2821 1612 2876 dicit:
1627 2839 1759 2878 veronen
1770 2825 1834 2880 redi·

178 2909 209 2965 id
224 2912 267 2965 est
283 2925 346 2982 quae
361 2924 447 2963 causa
461 2907 516 2963 erit
530 2905 615 2977 hujus
640 2905 774 2960 timorist
795 2906 872 2961 lianc
885 2911 981 2963 autem
1038 2914 1090 2961 ruet
1108 2925 1114 2976 ;
1132 2925 1201 2963 narn
1229 2925 1283 2962 non
1297 2908 1373 2963 dabit
1397 2910 1444 2964 ille
1463 2910 1553 2966 irater
1576 2911 1634 2966 Deo
1653 2913 1834 2984 placationem

178 2996 372 3073 quaestionem
387 2996 490 3053 nonin
507 3011 537 3050 se
545 2994 678 3062 assumit,
690 3009 724 3050 eo
742 2995 819 3066 quod
829 3012 858 3051 se
879 2996 982 3052 timere
995 3044 1019 3105 G
1033 2997 1157 3064 etiamid
1169 3001 1211 3052 est
1225 2998 1419 3070 placationem
1432 3014 1533 3055 eorum
1546 2999 1692 3057 intutnro.
1703 3002 1785 3067 Quod
1795 3005 1833 3059 est

178 3087 299 3155 dubitet,
315 3102 381 3142 cum
397 3083 598 3153 timorishujus
612 3099 698 3137 causa
712 3085 826 3151 careat3
843 3084 892 3138 sed
908 3083 980 3140 utin
1031 3085 1143 3142 dicere:
1160 3087 1222 3142 Non
1238 3087 1324 3142 saciet
1336 3103 1388 3159 pro
1401 3087 1442 3142 eis
1452 3089 1615 3144 orationem
1623 3091 1683 3146 Deo
1694 3092 1833 3165 Patri,per

175 3176 218 3231 sui
231 3173 490 3246 transfiguratione
506 3173 581 3226 banc
594 3171 786 3243 quaestionem
800 3173 979 3243 propositam
1030 3191 1117 3246 quam
1129 3175 1190 3245 ejus
1202 3174 1276 3229 iram
1292 3176 1385 3249 placet
1395 3192 1483 3247 quam
1502 3177 1590 3232 habet
1604 3181 1710 3234 contra
1725 3195 1782 3235 eos.
1798 3179 1833 3234 Et

173 3263 211 3319 ad
223 3263 380 3319 utilitatem
397 3260 576 3316 audientium
588 3260 690 3317 solvat.
712 3263 741 3316 et
759 3260 862 3315 doceat
873 3278 922 3317 eos
941 3264 976 3318 ab
1031 3263 1078 3318 bic
1093 3280 1152 3318 non
1166 3262 1248 3318 dabit
1263 3263 1304 3318 eis
1321 3264 1443 3334 pretium
1456 3264 1641 3337 redemptionis
1655 3269 1758 3324 animae
1770 3286 1829 3336 sua,

174 3351 328 3425 iniquitate
343 3366 453 3418 carere,
469 3349 527 3404 sic:
544 3348 616 3416 uixi,
654 3349 822 3403 curtimebo:
852 3351 979 3422 quodsic
1028 3351 1059 3407 id
1079 3356 1122 3407 est
1134 3352 1340 3417 eornm.0uod
1351 3358 1393 3407 est
1407 3353 1614 3410 dicere:ldors
1624 3357 1759 3430 ejusque
1769 3374 1828 3430 pre·

174 3439 359 3495 solvozldeo
375 3437 484 3493 timebo
499 3438 529 3492 in
547 3437 592 3492 die
610 3436 697 3499 mala,
718 3436 741 3490 si
755 3436 880 3492 timuero
900 3440 978 3511 quod
1029 3440 1102 3495 tium
1138 3440 1347 3514 redemptionis
1376 3442 1481 3497 animae
1505 3443 1662 3514 justorum,
1690 3462 1751 3502 nnn
1779 3445 1829 3502 erit

172 3528 304 3601 iniquitas
318 3525 494 3581 circumdabit
507 3542 558 3592 me,
574 3525 605 3580 id
622 3527 666 3579 est
684 3524 807 3580 multum
829 3529 978 3599 occupavit
1030 3529 1156 3602 pretium
1180 3529 1390 3602 redemptionis
1418 3530 1525 3587 anime
1546 3533 1725 3604 injustorum
1740 3553 1747 3605 ;
1764 3535 1827 3609 qnia

173 3621 232 3672 ine.
246 3614 329 3680 Quod
340 3617 383 3669 est
397 3614 506 3669 dicere:
523 3613 822 3682 Quiaconsciusero,si
832 3617 976 3682 tumuero,
1027 3618 1177 3673 confidunt
1192 3621 1221 3673 et
1236 3619 1406 3690 gloriantur,
1424 3625 1454 3675 ut
1469 3620 1705 3691 supradiximus.
1719 3624 1829 3697 thuia

172 3703 244 3760 mibi
256 3705 379 3759 multam
392 3701 575 3775 iniquitatem
592 3702 696 3760 inesse.
706 3701 838 3775 Iniquitas
851 3704 913 3761 dico
925 3706 978 3760 cal·
1026 3705 1073 3761 ille
1087 3706 1236 3762 conlidens
1251 3710 1281 3761 et
1291 3706 1419 3778 glorians
1443 3724 1501 3763 non
1517 3709 1681 3765 redimetur
1696 3729 1713 3766 a
1731 3711 1827 3781 tratre,

171 3794 248 3848 canei
262 3794 323 3860 mei,
332 3791 361 3847 id
372 3792 414 3846 est
423 3791 582 3864 procedens
593 3808 627 3846 ex
646 3789 975 3866 affectionemea‚quam
1026 3793 1158 3849 laborabit
1175 3795 1223 3850 ille
1248 3794 1364 3862 misere,
1387 3794 1416 3850 in
1431 3800 1574 3851 aeternum
1603 3798 1779 3856 cruciandus
1801 3801 1828 3856 io

170 3881 321 3938 scilicetin
340 3879 490 3935 affectione
519 3878 667 3952 gesserim.
695 3878 884 3936 dilectionem
907 3899 974 3939 vero
1024 3881 1131 3938 futuro.

172 3971 341 4026 calcaneum
358 3967 442 4036 dicit;
458 3967 536 4040 quod
552 3984 604 4041 per
620 3983 685 4022 eam
695 3967 810 4023 animus
821 3969 975 4041 cogitando
1061 3972 1094 4026 Et
1109 3970 1188 4043 prius
1202 3970 1248 4026 hic
1262 3972 1365 4040 adhuc,
1381 3973 1411 4029 id
1424 3976 1468 4028 est
1481 3973 1696 4046 aliquantulum
1707 3993 1769 4032 non
1784 3977 1828 4034 diu

174 4057 316 4130 graditur,
332 4055 405 4110 sicut
428 4071 582 4126 acorpore
604 4056 739 4110 calcaneo
761 4055 829 4111 itur.
846 4057 895 4113 Vel
911 4058 950 4113 sic
966 4075 973 4115 :
1025 4059 1100 4115 vivet
1111 4077 1259 4133 prospere,
1274 4062 1332 4117 vita
1352 4062 1475 4118 ducente
1495 4079 1562 4117 eum
1575 4062 1605 4117 in
1627 4063 1731 4132 tinem,
1746 4065 1830 4123 idest

57 4138 59 4142 ⁴
171 4143 974 4218 iniquitas,dic0,prostratrixcalcaneimei‚idesldestru-
1025 4147 1054 4202 in
1071 4149 1158 4204 vitam
1183 4149 1263 4204 illam
1284 4153 1434 4208 aeternam.
1457 4152 1540 4205 Juxta
1554 4151 1624 4207 illud
1638 4151 1827 4212 Salomonis:

173 4233 339 4288 ctrixstatns
350 4230 510 4287 sanctitatis
521 4248 611 4298 meae;
626 4248 689 4303 quae
705 4232 812 4289 scilicet
824 4251 974 4307 nunquam
1028 4255 1045 4290 <r
1073 4237 1251 4308 Prosperitas
1273 4239 1425 4294 stultorum
1459 4238 1614 4294 destructio
1641 4244 1687 4296 est
1715 4243 1827 4300 illorum

171 4322 226 4377 alio
242 4321 331 4377 modo
345 4338 386 4376 me
398 4323 466 4374 tunc
480 4320 668 4388 circumdabit,
685 4320 739 4375 nisi
754 4321 801 4376 hic
817 4323 975 4379 sanctitatis
987 4331 1014 4390 D
1025 4324 1119 4397 (Pron.
1136 4342 1156 4394 ι,
1171 4325 1318 4397 32).»1tixi
1332 4328 1410 4399 quod
1425 4327 1454 4381 in
1466 4326 1563 4381 tuturo
1588 4327 1734 4386 laborabit.
1746 4333 1828 4389 Etbio

172 4426 246 4466 meae
259 4412 366 4465 statum
385 4408 524 4464 obruerit.
537 4408 609 4472 Quia
623 4424 676 4480 per
688 4410 855 4467 calcaneum
871 4414 973 4482 statur,
1024 4430 1161 4485 prospere
1179 4414 1297 4486 degens,
1316 4430 1369 4468 non
1392 4414 1488 4469 viderit
1502 4416 1641 4469 interitum
1662 4420 1828 4477 considera·

169 4516 223 4574 pro
237 4499 311 4554 statu
325 4498 491 4553 calcaneum
500 4497 592 4569 ponit.
604 4497 699 4553 Status
710 4503 807 4555 autem
817 4503 976 4560 sanctitatis
1025 4502 1103 4558 tione
1118 4502 1259 4566 interiori,
1285 4502 1445 4569 interitum,
1467 4502 1597 4575 inquam,
1614 4521 1712 4574 suum,
1730 4525 1788 4581 quo
1800 4510 1827 4565 in

171 4588 241 4644 nihil
258 4586 334 4642 aliud
350 4586 533 4642 videturesse
549 4587 675 4659 quamin
686 4588 837 4644 sanctitate
845 4606 975 4661 perseve-
1022 4591 1118 4647 tuturo
1133 4590 1560 4646 lateralitobeoecabiturenim
1571 4592 1718 4651 nevidere
1732 4602 1826 4670 queat,

170 4675 275 4733 rantis.
290 4675 341 4729 Vel
360 4674 416 4729 sic:
431 4674 565 4747 iniquitas
588 4675 650 4730 dico
674 4676 793 4732 calcanei
806 4680 868 4747 mei,
885 4679 915 4735 id
930 4682 974 4736 est
1022 4698 1083 4735 enm
1099 4680 1197 4735 viderit
1211 4680 1240 4733 in
1256 4680 1310 4735 hoc
1324 4679 1434 4734 mundo
1448 4680 1581 4750 sapientes
1592 4681 1673 4752 juste
1689 4684 1825 4754 viventes,

170 4763 707 4839 perseverantiaemeae.Aesidiceret:
724 4766 973 4824 Noumecircum·
1022 4771 1174 4823 inorientes.
1190 4767 1271 4832 Quod
1283 4771 1326 4823 est
1338 4767 1542 4822 dicerezcnn
1573 4784 1633 4824 non
1661 4772 1827 4831 videritbic

170 4854 250 4910 dabit
264 4851 411 4924 iniquitas,
421 4851 474 4906 nisi
485 4852 572 4907 tuerit
588 4852 732 4926 iniquitas,
744 4855 879 4924 calcanei,
893 4857 921 4912 id
930 4861 973 4913 est
1022 4857 1291 4929 sapientespropter
1300 4855 1443 4927 justitiam
1460 4871 1542 4911 suam
1554 4861 1680 4915 aeternos
1689 4860 1766 4929 fleri,
1779 4862 1826 4918 sed

166 4941 231 4997 talis
245 4941 274 4995 in
291 4956 348 5013 qua
362 4955 545 5013 perseverem
560 4957 648 5012 usque
662 4942 798 4998 inssnem.
816 4943 971 5002 Calcaneus
1021 4945 1109 5000 etiam
1126 4944 1325 5015 sicutinjnstos
1335 4947 1429 4999 morte
1440 4960 1580 5016 corporea
1594 4947 1689 5017 mori;
1703 4966 1766 5006 non
1778 4967 1827 5024 pu·

165 5046 245 5097 vero,
261 5028 311 5102 qui
324 5028 418 5084 finalis
433 5034 499 5101 pars
515 5033 557 5084 est
567 5029 704 5097 bominis,
718 5047 770 5102 pro
783 5049 969 5104 perseverari·
1020 5034 1093 5090 tabit
1104 5049 1133 5088 se
1143 5035 1262 5105 propter
1273 5023 1456 5104 iniquitatem
1465 5032 1583 5089 suamin
1593 5033 1825 5096 futurodamna·

166 5118 206 5173 tia
220 5117 349 5189 ponitur,
366 5134 430 5189 quae
442 5116 574 5189 usquein
591 5117 679 5172 tinem
695 5121 834 5190 procedit.
849 5122 903 5177 Per
913 5123 969 5178 hoc
1019 5125 1080 5177 tum
1090 5122 1134 5176 ιιι.
1144 5121 1222 5177 Sicut
1237 5120 1315 5176 enim
1327 5119 1356 5174 in
1372 5121 1717 5193 vivificationejustorum
1734 5129 1824 5184 Deum

164 5216 260 5262 autem
285 5204 400 5260 instruit
418 5206 453 5261 ab
475 5205 637 5277 iniquitatis
667 5224 727 5263 esse
755 5211 969 5281 perseverantia
1018 5211 1823 5283 opinaturimpoteutemautneglectorem‚sicetiamin

162 5292 244 5350 valde
260 5292 431 5348 cavendum.
455 5293 579 5366 Exponit
604 5298 701 5350 autern
729 5296 776 5367 qni
796 5296 853 5350 sint
867 5296 907 5352 illi
918 5299 967 5371 qui
1017 5299 1060 5354 sui
1077 5297 1340 5354 damnationeeum
1355 5297 1513 5353 arbitratur
1527 5298 1686 5356 invalidum
1700 5307 1822 5362 autnon

160 5382 289 5438 habeant
302 5380 496 5453 iniquitatem,
510 5387 542 5438 ut
556 5385 905 5457 consequenterostendat
918 5403 967 5443 eos
1017 5388 1112 5446 ulcisci
1126 5389 1295 5443 curantem:
1309 5389 1337 5441 et
1352 5388 1483 5459 quamvis
1492 5404 1550 5442 non
1565 5387 1821 5463 videatintera'tum,

161 5472 216 5525 hac
231 5470 266 5525 de
284 5485 369 5525 causa
383 5471 565 5530 damnandos
580 5490 651 5542 esse,
670 5475 700 5528 ut
715 5472 754 5528 sic
769 5474 915 5531 auditores
929 5475 964 5534 ab
1016 5478 1153 5535 inluturo
1166 5475 1359 5542 tarnensimul,
1380 5475 1410 5530 id
1419 5480 1462 5530 est
1472 5475 1591 5533 interitu
1605 5483 1753 5553 perpetuo
1764 5502 1824 5558 per·

162 5573 196 5614 ea
211 5554 326 5631 penitus
336 5557 503 5617 absterreat.
516 5560 801 5636 [lixiquodinipuitas
811 5562 963 5625 circumra-
1015 5568 1091 5626 itunt
1106 5567 1199 5622 stultia
1214 5570 1238 5622 et
1250 5566 1378 5638 insipiens
1393 5582 1401 5620 :
1430 5563 1536 5622 Stultus
1560 5565 1666 5626 dicitur
1692 5570 1745 5630 ille
1771 5573 1818 5651 qui
