3772 5970
71 276 135 340 iser
548 286 778 347 aarosmom
798 280 1245 351 asianos-assacinis
1650 288 1721 362 tres

68 405 189 458 osron'tus
200 407 343 475 errorrdotis,
357 408 418 474 tois,
434 407 462 463 id
478 411 520 462 est
543 409 573 463 in
599 413 793 482 completione
808 428 870 468 om-
884 414 981 476 Asuui
996 430 1108 469 morem
1119 415 1197 470 stulti
1211 421 1278 471 srrnt
1301 419 1330 470 et
1345 419 1501 488 tertionarii,
1517 420 1538 474 si
1555 421 1592 476 ad
1607 439 1721 481 ntorum

69 492 151 548 nium
163 496 873 565 mandatorumtuorum,scilicelnutlamihiinerit
921 502 1129 558 correctionem
1141 504 1200 558 vult
1209 504 1361 579 attingere,
1369 523 1502 579 quarens
1513 525 1547 564 ex
1555 525 1600 565 me
1611 510 1720 582 doceri,

68 581 420 653 erubescenlioeconlusio,
431 587 870 645 conrationismeaeintuilume
920 586 950 643 in
965 606 1023 662 qua
1036 607 1067 645 re
1082 591 1292 662 corrigatviam
1308 610 1424 650 morum
1435 611 1567 664 suorum,
1589 613 1654 655 ecce
1666 615 1721 672 ego

68 683 129 724 esse
139 670 169 724 in
179 672 301 726 eternitas
317 675 450 729 inundatis
468 677 519 730 turs
533 693 698 748 perspexero.
715 677 744 733 Si
753 677 830 734 enim
840 678 869 734 in
921 677 1014 733 dicam
1025 678 1092 750 ipsi:
1109 678 1278 749 ODomine,
1288 684 1317 736 in
1331 683 1498 738 custodienda
1508 701 1639 742 sermones
1653 693 1720 757 taos,

67 762 241 834 quibusdan
256 762 381 819 existens
400 765 563 821 maronibus
578 783 637 821 non
654 782 759 833 essem,
774 767 822 822 illa
839 767 869 823 ia
919 764 949 820 id
962 767 1040 821 estin
1053 769 1722 848 complendodiligenterpraeceptatuaeorrigit

10 870 18 889 ·
67 850 170 922 quibus
182 867 240 906 non
254 867 346 907 essem
355 857 642 927 causaesscntqnarc
655 856 867 911 erubescerem.
918 852 993 909 viam
1009 871 1267 925 morumsuorum,
1284 859 1640 918 scilicettuncbeneviam
1655 881 1719 920 mo-

66 939 179 995 Dictum
194 943 237 995 cst
251 957 268 995 a
282 940 469 997 similitudine
476 942 539 1006 viri,
552 943 582 998 in
598 930 787 1017 speculo'sese
798 960 867 999 con·
918 955 983 996 rum
997 943 1124 1014 corrigit,
1137 945 1160 1000 si
1176 945 1248 1000 sicut
1257 947 1456 1003 malisactibus
1464 949 1582 1017 studuit,
1596 949 1636 1005 ita
1651 967 1720 1023 qun·

66 1026 228 1096 siderantis,
245 1030 304 1101 qui,
320 1029 341 1084 si
358 1030 458 1084 omnia
480 1031 615 1086 membra
627 1049 678 1087 sua
690 1031 795 1087 viderit
806 1047 867 1087 esse
917 1044 973 1100 que
988 1031 1043 1085 luis
1054 1032 1198 1088 mandatis
1210 1035 1358 1090 adbaerere
1373 1037 1488 1108 satagit.
1505 1036 1554 1091 Vel
1569 1037 1718 1094 adolescen-

65 1117 203 1186 lormosa,
211 1118 323 1173 laetatur
335 1134 341 1172 :
353 1119 375 1172 si
385 1135 451 1175 vero
461 1118 594 1190 quasdam
602 1120 754 1188 deformia,
766 1121 867 1176 erube·
917 1118 981 1185 lior,
995 1118 1024 1174 id
1035 1123 1078 1174 est
1089 1119 1136 1177 ille
1156 1120 1205 1194 quii
1217 1123 1310 1179 adbuc
1333 1127 1375 1178 est
1389 1124 1556 1180 adolescens
1568 1128 1664 1196 alate,
1689 1130 1717 1182 in

65 1206 117 1261 scit
130 1210 159 1261 et
169 1207 371 1276 contunditur;
386 1211 483 1263 etcum
491 1224 697 1280 maperspeaera
709 1211 737 1263 in
747 1210 867 1264 omnibus
915 1222 967 1278 qao
974 1209 1082 1279 corripit
1092 1211 1167 1264 ciam
1181 1227 1257 1265 snam
1267 1212 1282 1265 i
1294 1214 1321 1266 in
1332 1213 1715 1273 melodiendesermanestuas.

63 1296 198 1350 rnarsdatis
210 1298 272 1364 tais,
287 1297 341 1352 hoc
368 1297 531 1353 nullatenus
547 1297 619 1352 mibi
638 1297 795 1366 ascribam,
809 1296 862 1352 sed
915 1294 991 1350 Nihil
1004 1295 1051 1351 bic
1066 1301 1195 1353 motatur
1209 1299 1261 1355 nisi
1274 1300 1469 1356 adolescentior.
1482 1301 1549 1357 ldeo
1567 1319 1634 1358 vere
1645 1304 1717 1359 ado-

65 1384 115 1439 tibi
131 1385 185 1440 boc
201 1385 383 1453 ascribendo,
406 1385 549 1455 confitebar
564 1386 623 1453 tibi,
638 1386 668 1440 id
682 1390 725 1442 est
740 1384 865 1441 laudabo
915 1382 1115 1441 lescentiorem
1125 1385 1162 1442 ad
1177 1389 1512 1444 morumcorreetionem
1528 1389 1639 1457 invitat,
1649 1390 1717 1463 quia

64 1476 92 1528 te
108 1473 278 1531 omnimodo
289 1478 317 1530 in
331 1475 473 1529 directione
486 1474 581 1541 cordis,
599 1474 628 1529 id
644 1475 720 1530 estin
737 1474 866 1531 conside·
914 1472 1068 1542 perfectior
1079 1479 1122 1530 est
1136 1475 1185 1549 qui
1196 1477 1232 1532 ab
1242 1477 1530 1549 adolescentiaquam
1541 1479 1624 1551 quiin
1635 1496 1715 1535 senc·

63 1563 175 1618 ratione
186 1563 377 1619 directionum
388 1562 659 1630 cerdisrnei,sciticet
668 1579 704 1616 en
715 1563 864 1619 occasione
914 1562 990 1616 ctute
1004 1562 1078 1617 viam
1089 1564 1233 1637 corrigere
1248 1565 1357 1637 incipit.
1366 1566 1447 1621 Unde
1456 1567 1610 1638 propbeta:
1622 1590 1636 1618 n
1644 1569 1713 1623 Bea-

64 1656 92 1705 te
111 1652 238 1708 laudabo
254 1652 332 1724 quod
345 1652 467 1708 directas
487 1651 576 1707 iacies
586 1651 755 1707 affectiones
769 1652 864 1708 cordis
914 1650 959 1703 tus
971 1649 1071 1717 lromo,
1086 1667 1152 1706 cum
1166 1654 1324 1723 portaverit
1330 1654 1434 1724 jugum
1446 1654 1607 1710 Dominiab
1616 1655 1714 1711 adole·

64 1740 131 1794 mei.
144 1740 496 1796 Etcontlleboretiamtibi
505 1743 570 1795 ireeo
580 1741 720 1808 contuitu,
733 1744 797 1813 qaia
812 1726 900 1814 perB
913 1736 1546 1814 scientiasnall'lrrensrv,27).»Velsiclcgitur:
1557 1742 1715 1798 Adolescen-

63 1828 304 1883 illuminationem
312 1829 413 1900 gratim
425 1833 479 1884 tuce
486 1829 568 1885 didici
568 1829 674 1900 judicia
681 1831 793 1900 institiae
800 1837 862 1898 trees,
915 1827 965 1878 tior
978 1826 1025 1882 ille
1036 1828 1084 1899 qui
1103 1829 1250 1900 bucusque
1272 1846 1359 1884 senex
1373 1829 1437 1897 luit,
1453 1830 1542 1885 idest
1556 1831 1714 1886 conformis

63 1918 91 1972 id
107 1922 149 1972 est
163 1921 307 1989 praecepta
323 1920 371 1972 tua
393 1917 548 1989 diligenter
568 1917 736 1989 complebo:
758 1919 864 1973 solum·
913 1913 1001 1969 veteri
1012 1915 1125 1970 bomini
1139 1917 1208 1972 Ado
1223 1917 1254 1972 in
1270 1918 1333 1973 vitoe
1349 1921 1500 1986 vetustate,
1525 1919 1625 1975 volens
1652 1936 1714 1975 esse

63 2006 150 2061 modo
166 2005 202 2060 sit
215 2006 270 2061 troc
285 2005 362 2077 quod
379 2008 458 2077 opto,
471 2005 604 2073 Domino,
619 2008 648 2059 et
658 2021 709 2060 oro
719 2006 861 2074 videlicet,
913 2000 1109 2059 adolescentior.
1126 2005 1155 2059 id
1167 2005 1376 2061 cstcontormis
1390 2023 1465 2062 novo
1479 2006 1711 2064 hominiCbristo

63 2099 154 2149 utnon
169 2094 621 2166 rnederelioqnosserqaeqanque,id
633 2096 676 2148 est
691 2095 863 2151 omnimoda
913 2089 943 2144 io
968 2091 1094 2146 novitate
1111 2091 1184 2160 vilse,
1209 2093 1239 2148 in
1262 2109 1319 2165 qua
1338 2110 1369 2150 re
1389 2096 1500 2164 corripit
1521 2097 1593 2149 aiam
1608 2096 1707 2152 snam?

62 2183 259 2249 derelictione,
271 2183 377 2238 scilicet
387 2183 408 2236 si
426 2200 484 2238 non
493 2183 531 2237 sic
539 2199 586 2238 me
598 2200 632 2237 cx
643 2186 703 2238 toto
713 2184 864 2256 reliquerit
912 2177 945 2230 Iu
957 2179 1336 2249 csnladiendosermonestnos,
1344 2183 1399 2238 boc
1409 2184 1440 2236 ut
1450 2183 1580 2255 superius
1593 2185 1712 2256 exponi·

62 2272 257 2345 gratinianus
269 2271 407 2342 hocquod
417 2271 540 2326 directus
550 2287 599 2326 ero
613 2270 685 2325 mibi
693 2276 863 2343 arroganter
912 2267 968 2320 lut·
982 2266 1174 2331 Quiadixeral
1196 2270 1411 2326 correctionem·
1421 2287 1536 2327 murum
1551 2274 1715 2328 csseincus·

61 2360 313 2428 northamtun
328 2359 380 2415 tihi
392 2359 559 2425 attribuam,
575 2359 754 2430 iflenamqnn
770 2377 862 2432 nsque.
913 2354 1033 2409 rediendo
1047 2373 1176 2411 sermones
1185 2357 1311 2426 Domini,
1321 2360 1452 2431 utmagis
1466 2360 1610 2416 auditores
1620 2376 1714 2416 exem·

60 2465 195 2521 qneqaea
211 2447 306 2503 divina
320 2447 572 2519 gratiadereliclns
588 2449 640 2515 est,
657 2449 707 2518 qui
720 2449 774 2502 boc
784 2447 862 2519 quod
912 2443 959 2512 plo
969 2444 1364 2502 suoattrahatadcustodiam
1374 2447 1478 2504 horam
1488 2464 1715 2518 sermonumms·

60 2538 153 2592 bonus
168 2539 212 2591 est
223 2535 290 2591 alibi
304 2536 430 2604 ascribit,
446 2539 475 2591 et
491 2535 526 2591 de
541 2536 595 2592 hoe
608 2535 637 2590 in
652 2552 681 2590 se
698 2552 755 2591 non
767 2537 796 2590 in
810 2536 862 2591 Do·
911 2531 1005 2586 tendit
1020 2548 1050 2586 sc
1070 2532 1255 2589 custodivisse
1270 2550 1418 2590 sermones
1432 2536 1559 2603 Domini,
1575 2536 1612 2592 ob
1624 2552 1714 2609 quam

60 2625 142 2680 mino
154 2624 303 2695 gloriatur.
315 2623 480 2680 Notandum
492 2625 570 2697 quia,
582 2624 708 2679 cumhoc
721 2621 800 2692 dicit,
810 2639 862 2695 per
912 2634 1027 2674 eausam
1043 2623 1118 2683 orat,
1128 2616 1187 2676 uta
1196 2622 1341 2678 mandatis
1349 2623 1399 2679 Dei
1408 2641 1467 2680 non
1482 2624 1712 2697 repellatur,sic:

60 2714 115 2768 boe
126 2713 271 2769 auditores
285 2712 400 2768 instruit
421 2711 499 2785 quod
524 2713 618 2769 nullus
639 2729 704 2769 vere
722 2713 863 2768 custodiet
911 2706 980 2762 Dico
996 2708 1085 2780 quod,
1102 2726 1118 2764 o
1137 2711 1270 2779 Domine,
1287 2713 1315 2765 in
1330 2711 1497 2768 nestodienda
1512 2728 1641 2766 sennones
1656 2719 1714 2767 toas

55 2801 275 2876 justificationes
300 2801 426 2869 Domini,
447 2801 501 2855 nisi
521 2801 573 2873 ipsi
590 2801 736 2856 confessus
764 2802 861 2869 tuerit,
912 2795 1714 2871 aduescentioroionsoomcorinnae,qnameorrectionem

60 2890 230 2946 ascribendo
242 2889 414 2962 ciquidqnid
425 2890 491 2944 inse
503 2889 571 2944 boni
587 2889 651 2944 erit.
667 2890 740 2944 Nam
751 2890 774 2944 si
787 2890 813 2945 in
831 2907 861 2946 se
912 2882 942 2937 iu
958 2883 1080 2954 mejam
1095 2885 1220 2943 exercui.
1234 2886 1318 2948 Nam,
1340 2903 1357 2942 o
1376 2886 1510 2955 Domine,
1525 2888 1553 2940 in
1570 2893 1622 2942 toto
1637 2888 1714 2943 corde

58 2967 1020 3053 gloriatuslnerit,aDominousquequaquederetinque-(imeo,id
1037 2972 1124 3028 estin
1145 2976 1206 3029 tota
1235 2973 1386 3032 effectione
1415 2975 1508 3032 cordis
1530 2976 1599 3044 mei,
1624 2980 1713 3050 ecqui·

58 3073 116 3136 tur,
127 3072 156 3122 et
170 3067 208 3122 sic
219 3084 278 3123 non
292 3065 731 3138 eustodiotjustitlcationesejus.
746 3067 862 3123 Perhoe
910 3063 962 3117 sivi
983 3067 1019 3131 te,
1034 3078 1087 3135 per
1110 3063 1271 3119 custodiam
1299 3064 1508 3120 mandatorum
1533 3069 1661 3134 tuorum,
1683 3064 1712 3121 id

60 3159 158 3211 antem
173 3156 317 3212 auditores
332 3155 369 3210 ad
384 3155 434 3210 Dei
449 3153 805 3225 corrfessionemimpellit.
910 3154 953 3207 est
972 3170 1007 3208 ex
1032 3153 1165 3210 omnibus
1180 3154 1243 3210 aliis
1264 3156 1350 3211 rebus
1359 3158 1387 3210 le
1401 3158 1494 3212 solum
1514 3157 1631 3229 quesivi
1647 3156 1711 3214 adi·
1773 3174 1777 3189 ·

94 3246 177 3311 Dara,
191 3244 313 3313 confusio
326 3244 544 3316 interpretatur.
561 3244 616 3298 Per
630 3243 700 3297 Beth
716 3259 786 3314 ergo
795 3260 860 3316 quae
911 3240 991 3312 pisci.

57 3331 860 3403 secundaeclausulceversuumestinitium‚privatahujus
944 3330 1017 3385 Cum
1032 3330 1101 3385 dicit
1127 3347 1157 3386 se
1184 3333 1275 3387 Deum
1304 3334 1399 3387 intarta
1424 3332 1501 3388 carde
1516 3333 1711 3406 exquisivisse,

57 3424 190 3479 clausulae
205 3420 327 3477 intenlio
342 3421 507 3488 denotatur,
524 3419 658 3476 videlicet
668 3420 737 3494 qnia
751 3421 788 3476 ad
803 3422 858 3477 boc
909 3417 1043 3474 innuitse
1059 3419 1199 3475 mandata
1214 3421 1265 3475 Dei
1284 3421 1451 3490 custodisse,
1473 3422 1542 3494 quia
1555 3423 1711 3495 completio

57 3511 102 3567 bie
118 3511 247 3565 fidelium
270 3508 399 3565 collectio
414 3508 539 3563 intendit
554 3510 585 3562 ut
603 3524 653 3564 eos
674 3507 723 3580 qui
739 3511 859 3580 propter
908 3505 1116 3562 mandatorum
1128 3508 1179 3563 Dei
1195 3524 1280 3563 causa
1294 3512 1337 3564 est
1350 3510 1713 3582 Deumexquirendi.Quo·

56 3598 261 3655 melamvitam
270 3613 351 3654 snam
359 3600 475 3652 aeternas
485 3596 646 3652 confusioni
655 3597 858 3664 suntobnoxii,
909 3594 988 3649 niam
1004 3610 1074 3665 ergo
1086 3597 1216 3667 exquisivi
1229 3603 1254 3649 te
1268 3597 1296 3649 in
1305 3602 1358 3651 tata
1370 3597 1521 3665 cordemeo,
1538 3615 1600 3668 oro,
1611 3599 1710 3655 Domi-

56 3691 85 3742 et
99 3686 373 3742 sicatramitererse
387 3685 573 3741 beatitudinis
583 3684 681 3751 alieni,
691 3684 859 3740 instruutad
909 3699 956 3751 ne,
972 3700 1005 3738 ne
1032 3683 1140 3753 repellas
1154 3700 1196 3737 nse
1214 3683 1377 3738 amandatis
1391 3687 1455 3748 lais,
1483 3685 1511 3739 id
1532 3689 1575 3740 est
1598 3686 1710 3742 subtra-

55 3791 171 3830 morum
187 3775 406 3842 correctionem,
423 3777 454 3828 ιιι
468 3774 580 3845 perhoe
595 3773 704 3828 evitent
716 3773 859 3829 conlusio·
908 3771 1004 3827 hendo
1020 3772 1120 3842 gratius
1133 3774 1189 3827 tuce
1205 3772 1352 3828 auxilium.
1371 3774 1405 3828 Et
1415 3773 1504 3829 eliam
1520 3790 1584 3842 oro,
1600 3774 1712 3832 decerne

56 3880 135 3930 nesn,
148 3866 177 3917 et
189 3863 326 3918 accedant
346 3862 383 3916 ad
400 3861 619 3918 beatitudinem.
637 3861 755 3915 Instruit
769 3860 858 3917 etiam
909 3877 961 3934 per
973 3860 1216 3916 illuminationem
1231 3861 1331 3932 gratioe
1352 3865 1419 3928 tusc,
1445 3879 1482 3917 ne
1497 3862 1650 3934 permittas
1662 3880 1709 3918 me

55 3952 183 4020 eosdem,
199 3949 608 4022 exemplnmseproponendo,
619 3951 811 4022 utpostquam
821 3949 859 4004 ad
907 3949 1006 4020 repelli
1022 3966 1039 4004 a
1054 3949 1183 4005 custodia
1202 3949 1409 4005 mandatorum
1424 3953 1550 4006 tuorum.
1569 3951 1651 4016 Quod
1666 3956 1710 4007 est

54 4056 171 4096 morum
186 4039 394 4096 correctionem
402 4037 574 4110 pervenerit,
586 4038 678 4093 Deum
690 4036 857 4093 orent.0rat
907 4035 1019 4092 dicere:
1034 4035 1117 4101 Quia,
1128 4037 1402 4110 inquantumpotui,
1411 4038 1549 4095 mandata
1557 4043 1606 4095 tua
1615 4044 1711 4096 custo·

54 4129 134 4183 enim
147 4129 202 4196 bic,
214 4128 421 4200 praetendendo
433 4128 534 4182 merita
545 4143 606 4194 sua,
619 4132 650 4182 ut
663 4126 692 4181 in
707 4125 769 4198 ipsa
783 4127 858 4181 elau·
908 4123 1024 4194 diendo,
1041 4127 1068 4180 le
1082 4125 1229 4198 exquisivi,
1255 4141 1307 4181 oro
1335 4130 1366 4180 ιιι
1388 4127 1480 4198 stragis
1497 4128 1647 4200 magisque
1662 4146 1709 4184 me

54 4217 250 4286 sulaapparct.
259 4216 438 4288 inprincipio
449 4232 515 4271 vero
524 4214 764 4270 deliberationem
774 4213 854 4283 lacit,
867 4241 894 4303 D
907 4213 1046 4270 mandata
1068 4217 1117 4269 tua
1131 4214 1275 4270 ‹custodire
1294 4214 1384 4270 iacias
1396 4231 1448 4287 per
1461 4216 1598 4272 auxilinm
1607 4218 1709 4288 gratias

54 4308 86 4359 ut
109 4318 161 4374 per
178 4303 232 4359 lvoe
258 4303 361 4358 doceat
385 4320 525 4374 magnum
555 4319 615 4358 esse
647 4320 741 4359 mores
766 4303 855 4358 curri·
906 4306 973 4361 tuae.
986 4304 1019 4358 Et
1032 4303 1189 4372 etiamoro,
1199 4303 1262 4357 doce
1273 4303 1709 4374 sne,perilluminationemgra-

53 4408 133 4465 gere,
147 4391 224 4465 quod
239 4391 300 4446 sine
321 4391 528 4446 deliberatione
546 4391 674 4445 maxima
687 4391 855 4447 iaciendum
906 4392 952 4447 tion
968 4395 1035 4460 tum,
1043 4392 1248 4462 justificationes
1263 4400 1333 4458 tuas,
1345 4391 1374 4446 id
1386 4391 1507 4446 esidoce
1521 4392 1709 4463 mesnagiset

54 4497 112 4535 non
130 4484 181 4536 est.
905 4481 999 4552 magis
1016 4483 1160 4552 praecepta
1175 4484 1233 4546 tua,
1249 4479 1389 4550 quaejam
1405 4494 1437 4532 ex
1450 4482 1531 4548 parte
1544 4494 1706 4550 cognosco;

87 4568 120 4623 ln
133 4587 184 4642 quo
209 4571 317 4640 corripit
337 4568 527 4624 adolescentior
541 4569 612 4621 vicem
625 4583 715 4634 sicam,
730 4570 785 4622 etc.
799 4585 805 4636 ;
822 4583 854 4622 ac
906 4571 935 4622 et
946 4567 1067 4638 dignum
1078 4567 1237 4622 estutmihi
1247 4565 1341 4637 magis
1351 4565 1618 4639 magisqaereveles
1630 4584 1704 4639 prte-

50 4657 73 4714 si
89 4659 178 4715 dicat:
195 4659 331 4731 Superius
342 4658 398 4713 din
414 4658 513 4712 beatos
525 4672 585 4712 esse
597 4655 707 4710 tuturos
717 4654 855 4710 immacu·
905 4655 1331 4728 cepntnanamhaecqnajom
1341 4654 1706 4730 mibirevelastinpnstulte

50 4749 122 4804 latos
136 4751 165 4803 in
187 4751 229 4802 via
245 4752 293 4820 qni
311 4747 448 4802 arnintont
462 4749 489 4800 in
506 4745 560 4815 leae
575 4745 695 4811 Domini,
712 4744 853 4817 adquam
905 4743 1168 4814 indignisdissipavi
1176 4742 1338 4816 spargendo
1348 4743 1520 4814 margaritas
1527 4757 1705 4817 anteporcos

50 4836 259 4892 beatitudinem
287 4853 345 4891 non
364 4835 519 4908 pertinget,
547 4833 595 4905 qui
628 4834 705 4888 mole
729 4832 852 4889 virendo
903 4830 960 4887 sive
984 4835 1114 4887 saonam
1139 4831 1235 4887 dando
1258 4830 1378 4886 canibus
1402 4830 1516 4904 (Mettis.
1534 4849 1581 4901 vn,
1598 4834 1635 4904 til,
1652 4834 1702 4889 sed

50 4928 166 4979 aterna
177 4924 337 4980 conlusioni
352 4924 551 4990 obnoxinsest,
563 4922 616 4976 nisi
633 4923 771 4994 sategerit
787 4938 851 4977 cor·
902 4920 1036 4988 abscondi,
1052 4920 1080 4975 id
1095 4923 1137 4975 est
1149 4919 1303 4991 diligenter
1317 4921 1466 4986 custodivi,
1484 4924 1513 4976 et
1523 4921 1559 4976 ab
1574 4920 1699 4992 indiguis

36 5012 144 5084 ¹rigere
156 5028 261 5067 arares.
277 5011 310 5066 In
320 5029 371 5084 qno
383 5029 463 5083 ergo,
473 5014 504 5066 ut
519 5010 555 5065 ad
568 5010 778 5066 beatitudinem
790 5027 853 5083 per-
901 5009 1038 5065 abscondi
1064 5009 1166 5082 eloquia
1179 5016 1236 5078 tao,
1255 5009 1284 5064 ivl
1300 5014 1343 5065 cst
1357 5012 1501 5080 precepta
1516 5012 1565 5063 tua
1583 5011 1610 5062 in
1625 5008 1703 5063 corde

49 5100 153 5172 tingat,
169 5100 402 5156 etconlusionem
414 5100 526 5168 evadat,
538 5099 852 5170 corripitaclolescentior
901 5115 957 5154 meo
967 5098 1187 5162 existentia,non
1196 5099 1373 5153 inorestulte
1383 5096 1697 5169 propalatonasconds,
1722 5097 1723 5100 ’

48 5195 120 5250 eiam
130 5209 213 5258 suom,
229 5191 258 5245 id
273 5193 315 5245 est
327 5188 510 5244 allectionem
522 5189 754 5260 etoperatiouem
769 5207 850 5246 suam
900 5187 1234 5260 inquam,atnonpe,ccem
1246 5185 1305 5253 tibi,
1315 5184 1492 5258 propalando
1502 5185 1627 5257 indignis
1639 5185 1701 5258 ipsa

49 5277 470 5357 quainceditquasiperriam‘l
485 5277 566 5349 quasi
577 5276 704 5332 diceret:
723 5277 849 5343 Quicun-
901 5278 1014 5350 eloquia
1028 5292 1113 5332 causa
1126 5275 1277 5346 cqiudibet
1293 5274 1467 5330 adulationis
1491 5278 1542 5330 aut
1557 5276 1699 5346 avaritiae,

49 5390 105 5448 que
120 5368 328 5427 adolescentior
343 5368 490 5438 bucusque
506 5366 614 5421 exstitit
625 5366 700 5421 male
715 5366 849 5436 vivendo,
900 5366 956 5422 sire
971 5383 1023 5441 per
1032 5365 1205 5437 jactantiam
1225 5368 1276 5419 aut
1287 5363 1440 5430 incuriam,
1462 5362 1600 5419 omnibus
1619 5365 1700 5423 enim

48 5462 79 5524 id
93 5465 136 5519 est
151 5457 323 5517 stultissimis
333 5461 361 5512 et
370 5456 487 5528 perditis
497 5455 625 5511 moribus
635 5454 848 5514 asimilitudine
899 5455 945 5513 bis
954 5455 1085 5513 modisiu
1098 5451 1432 5530 pronuntiandoeloquia
1443 5451 1560 5508 Domini
1574 5450 1703 5526 indignis

50 5550 287 5633 pdolescenliurn,
304 5546 353 5626 qui
368 5544 633 5625 propterstalidusn
645 5527 848 5633 [inclutis
898 5548 1042 5633 peccetur.
1060 5542 1211 5620 discendi,
1236 5541 1366 5624 inquam,
1382 5540 1500 5621 eloquis
1519 5543 1580 5620 tua,
1603 5548 1633 5609 at
1646 5559 1704 5637 naq
