3772 5976
75 280 128 352 ιιι

592 281 771 350 exrostuo
787 283 823 347 IN
840 285 1010 350 estmoe.
1027 317 1065 334 -·
1082 285 1183 350 rsit.
1203 277 1225 349 t

1684 287 1737 358 us

75 409 247 490 puniantur:
262 405 410 469 advertere
420 424 488 468 vero
501 409 599 483 scriem
615 409 751 485 peccatis,
764 411 803 467 sie
813 413 922 474 eon-A
939 405 1738 490 ultimoquoquedePatreeumsubjungittSpirituprini

76 502 204 559 siderare
221 505 252 556 ut
263 502 432 574 puniantur.
444 501 589 566 Quoniam
603 504 701 557 autem
717 501 746 555 in
761 501 833 556 facie
843 500 883 555 ιι·

77 595 187 659 susest,
203 591 292 645 iacies
307 607 360 661 pro
377 590 609 645 consideratione
624 590 753 661 ponitur.
768 590 883 644 Nouso·

77 681 229 738 lummndo
245 697 313 736 vera
328 682 469 751 opacantia
486 697 538 751 tter
558 681 698 735 Bersabee
712 679 882 747 commissis,

79 788 141 837 oro,
158 771 262 825 taciem
278 773 398 835 avertas,
413 769 463 823 sed
479 776 504 823 et
523 786 613 822 ornnes
628 770 781 841 iniquitates
799 783 882 836 meos,

79 876 266 933 quascunque
282 858 424 925 commisi,
439 858 504 925 dele,
523 856 561 911 sie
575 860 675 913 utnon
690 857 793 928 punias
820 856 885 920 Qui·

78 949 131 1005 bus
148 948 258 1015 deletis,
284 964 336 1002 cor
356 946 487 1001 ineundum
506 964 565 1001 ereo
587 949 614 999 in
635 963 685 1012 me,
701 947 783 1008 Deus,
798 946 826 1000 id
842 949 885 1001 est

79 1039 136 1094 tute
156 1054 206 1092 cor
217 1036 296 1110 quod
312 1037 393 1092 omni
407 1053 505 1091 errore
520 1035 663 1090 muudum
679 1035 725 1101 sit,
740 1051 792 1106 per
806 1033 885 1106 quod

78 1132 129 1184 tua
144 1128 282 1199 mysteria
295 1128 406 1181 valeam
426 1126 502 1180 intra
513 1141 560 1180 me
570 1124 773 1195 contempturi.
784 1123 883 1194 Elspi-

78 1220 161 1271 ritum
177 1224 287 1282 rectum,
302 1215 331 1270 id
347 1218 389 1270 est
404 1215 504 1270 Filium
520 1218 613 1282 tuum,
632 1230 783 1286 perquem
797 1228 884 1267 omne

79 1307 157 1380 quod
172 1309 282 1360 rectum
298 1304 484 1367 esteisscitur,
495 1305 607 1370 innovo,
619 1303 647 1357 id
659 1305 711 1369 est,
722 1302 835 1357 noviter
844 1301 885 1356 in·

79 1396 211 1452 habitare
231 1395 275 1451 iac
295 1397 323 1449 in
348 1395 490 1448 uisceribus
503 1395 576 1447 meis.
598 1392 681 1457 Quod
703 1398 746 1447 est
765 1392 882 1446 dicere:

80 1481 229 1556 Sapientia
243 1488 302 1548 tua,
312 1482 340 1537 id
355 1485 397 1537 est
408 1482 491 1537 Filius
503 1484 568 1536 tuus
579 1484 665 1536 antea
675 1498 763 1553 quam
771 1481 809 1535 sic
818 1496 883 1551 gra-

79 1572 152 1628 viter
168 1588 331 1644 peccarem,
346 1572 505 1626 secundum
521 1571 621 1643 gratiae
636 1570 837 1641 operationem
854 1568 883 1623 in

81 1662 179 1718 anima
190 1679 256 1717 mea
266 1661 447 1727 inhabitavit,
464 1677 552 1733 quam
561 1677 632 1715 arne
643 1660 788 1730 peccando
799 1641 884 1729 172

935 503 1030 574 cipuli,
1041 508 1097 558 ete.
1116 503 1143 557 Si
1158 503 1237 557 enim
1252 503 1287 558 de
1296 504 1382 558 Patre
1391 504 1469 574 prius
1479 510 1622 576 ageretur,
1638 508 1674 563 ab
1684 508 1736 564 ali·

934 609 991 664 quo
1000 592 1119 647 forsitan
1128 610 1251 647 erroneo
1262 595 1346 648 Pater
1355 596 1600 651 excellereFilium
1612 603 1639 652 et
1648 597 1738 670 Spiri-

934 683 997 735 tum
1015 681 1158 753 dignitute
1178 684 1357 749 crederetur,
1373 700 1438 738 eum
1463 687 1547 739 Pater
1571 688 1737 759 principalis

935 767 1059 824 dicatur.
1078 771 1158 826 Nunc
1172 776 1271 826 auteur
1287 774 1404 844 quiade
1420 774 1523 828 eodem
1543 776 1579 830 ad
1603 778 1738 832 ultimum

934 860 1038 930 agitur,
1048 878 1113 915 cum
1126 861 1270 915 minorem
1282 879 1340 916 non
1356 879 1416 917 esse
1429 867 1550 932 constet,
1563 865 1739 936 parilitatem

935 950 1066 1004 obtinere
1088 968 1274 1022 nequaquam
1290 952 1455 1023 ambigitur.
1473 954 1639 1013 Notandum
1658 973 1738 1024 saue,

935 1055 993 1093 uon
1009 1039 1251 1094 inconvenienter
1272 1041 1386 1095 Patrem
1412 1044 1440 1095 et
1462 1042 1574 1110 Filium,
1598 1044 1738 1114 Spiritum

935 1129 1105 1200 nuncupari.
1125 1128 1227 1183 Omnis
1242 1131 1540 1201 namquesubstautia
1554 1133 1737 1206 incorporea,

934 1220 1010 1270 recte
1031 1216 1152 1288 Spiritus
1178 1219 1350 1290 appellatur.
1371 1221 1456 1274 Pater
1478 1224 1576 1277 autem
1597 1227 1627 1278 et
1642 1223 1737 1294 Filius,

934 1306 1092 1360 substantia
1107 1305 1283 1377 incorporea
1296 1311 1373 1362 sunt.

970 1395 1738 1475 Postquamostenditquod‚permiserieordiametpo-

935 1483 1056 1537 tentiam
1071 1487 1100 1538 et
1117 1483 1279 1539 bonitatem
1291 1485 1352 1551 Dei,
1369 1485 1477 1541 debent
1488 1489 1548 1559 ejus
1564 1495 1681 1560 peccata
1696 1510 1740 1549 re-

935 1572 1011 1627 mitti
1018 1576 1049 1627 ut
1058 1573 1172 1627 veniam
1181 1573 1261 1627 eitius
1273 1573 1419 1644 impetret,
1427 1578 1740 1648 quodcomruodumex

935 1661 977 1714 sui
987 1661 1070 1716 venia
1078 1664 1246 1716 secuturum
1261 1662 1307 1730 sit,
1318 1663 1444 1718 ostendit
1452 1664 1491 1719 sic
1503 1683 1510 1720 ι
1522 1667 1605 1722 Oravi
1616 1671 1741 1729 miserere

81 1751 184 1824 repuli.
197 1750 288 1815 Quam
304 1766 355 1805 oro
371 1753 402 1803 ut
416 1764 513 1803 rursus
529 1748 558 1802 in
575 1763 622 1802 me
638 1747 726 1802 iacias
742 1748 883 1802 babitare.
898 1746 1127 1821 Betiniquitotes
1139 1750 1205 1817 dele,
1221 1753 1249 1805 et
1264 1767 1309 1807 cor
1324 1753 1463 1807 mumdum
1477 1771 1537 1810 creo
1546 1759 1573 1809 in
1584 1775 1634 1825 me,
1647 1759 1741 1817 etalia

80 1839 466 1913 Innuitpropterquidornt,
478 1836 679 1903 utinnovetur,
692 1837 772 1891 idest
784 1836 889 1890 reddas
936 1838 1022 1892 etiarn
1039 1840 1131 1893 multa
1153 1838 1262 1910 rogavi,
1286 1856 1350 1911 quus
1377 1840 1399 1895 si
1422 1841 1452 1896 iu
1473 1860 1520 1898 me
1540 1849 1738 1919 compleveris,

81 1929 185 1984 tursibi
195 1929 320 2000 spiritus,
330 1927 359 1982 id
368 1927 586 1992 estFitius,cum
601 1925 763 1998 interponit
773 1932 882 1979 rectum.

82 2018 168 2084 Quasi
185 2017 302 2085 diceret,
313 2020 432 2090 propter
445 2017 500 2070 hoe
513 2015 619 2069 scilieet
635 2019 667 2069 ut
681 2031 746 2069 curn
758 2013 818 2084 ipse
827 2012 883 2085 spi-

79 2108 151 2163 ritus
162 2110 256 2162 rectus
269 2107 316 2174 sit,
332 2123 379 2160 me
395 2122 511 2178 quoque
531 2108 643 2159 rectum
664 2119 694 2158 vn
716 2102 884 2176 operatione

78 2197 177 2263 faeiat,
190 2196 238 2268 qui
252 2211 298 2250 me
308 2194 503 2250 areetitudine
513 2192 791 2264 peecaudodistorsi.
802 2193 886 2245 tnuo·

80 2301 147 2340 vare
161 2285 241 2351 dicit,
259 2301 317 2340 non
329 2289 470 2356 quantum
486 2283 523 2338 ad
540 2281 885 2353 esseutiaespiritusreuo-

79 2373 238 2440 vationem‚
254 2390 320 2428 eum
336 2372 523 2427 immutabitis
543 2372 580 2426 sit
599 2388 606 2425 ε
628 2369 678 2425 sed
693 2373 834 2442 quantum
848 2368 887 2424 ad

79 2462 223 2519 bonorum
238 2478 359 2532 operum
375 2461 675 2533 reparationemque
686 2459 716 2513 in
730 2459 886 2513 eodeieee-

79 2555 148 2606 rant
165 2568 172 2607 :
192 2551 272 2623 quasi
289 2550 396 2604 diceret
413 2567 419 2603 :
440 2549 534 2603 Redde
550 2550 618 2602 initi
633 2551 758 2618 spiritum
774 2554 885 2613 rectiun,

79 2655 133 2711 per
144 2641 224 2710 eujus
234 2639 445 2693 inhabitantem
457 2637 581 2708 gratiam
599 2640 775 2692 renoventur
785 2637 814 2689 in
823 2635 885 2689 ani·

80 2744 129 2783 ma
143 2728 308 2783 affectiones
317 2727 411 2795 bonae,
423 2725 671 2799 quadelcoeruut,
684 2725 787 2796 quibus
799 2724 885 2778 attec-

935 1929 1067 2000 euempto
1079 1945 1145 1983 meo
1157 1927 1252 1982 docebo
1264 1931 1380 2001 iniquos,
1393 1930 1423 1985 id
1438 1935 1480 1986 est
1496 1933 1566 1988 alios
1580 1936 1740 1994 criminali·

936 2021 980 2071 ter
995 2019 1150 2087 peccantes
1164 2019 1221 2071 vius
1234 2024 1303 2083 titos,
1324 2018 1353 2072 id
1371 2023 1414 2073 est
1437 2021 1665 2081 misericordiam
1687 2043 1740 2100 per

934 2122 1022 2177 quam
1031 2105 1226 2177 peecatamibi
1234 2106 1386 2162 indulseris
1394 2125 1400 2163 :
1409 2109 1640 2186 etjustitiamper
1651 2132 1740 2187 quam

935 2194 1052 2264 mejam
1061 2194 1250 2265 justificatum
1261 2195 1354 2267 magis
1363 2196 1640 2273 justificaveris‚qure
1656 2203 1741 2260 mise·

936 2280 1062 2335 ricordia
1077 2284 1106 2335 et
1117 2281 1231 2353 justitia
1243 2282 1378 2338 dicuntur
1393 2287 1442 2339 uia
1459 2293 1521 2354 tua,
1537 2305 1570 2343 eo
1593 2292 1669 2361 quod
1688 2299 1742 2365 per'

935 2372 1011 2442 ipsas
1025 2370 1061 2425 ad
1074 2373 1102 2425 te
1117 2371 1241 2437 venitur,
1254 2371 1333 2443 quod
1348 2376 1391 2428 est
1402 2372 1513 2431 dicere:
1526 2377 1554 2431 Si
1563 2394 1615 2449 per
1628 2381 1741 2438 miseri·

936 2458 1066 2513 cordiam
1081 2458 1151 2513 mibi
1167 2458 1330 2526 indulseris,
1353 2464 1383 2515 et
1397 2462 1607 2533 justificaveris,
1624 2472 1654 2523 et
1676 2474 1741 2543 posi

937 2564 984 2601 me
994 2547 1184 2618 justificatum
1194 2547 1230 2601 ad
1239 2548 1382 2618 majorem
1389 2550 1459 2620 justi
1464 2552 1532 2607 tiam
1543 2571 1593 2625 per
1596 2557 1740 2627 justitiam

936 2637 1016 2689 tuam
1033 2635 1206 2706 provexeris,
1228 2638 1360 2709 exempto
1386 2637 1559 2697 innocentiae
1577 2648 1606 2699 et
1621 2646 1740 2716 justitias

937 2724 1178 2790 merestonam,
1200 2725 1423 2781 misericordem
1445 2745 1505 2783 esse
1529 2735 1556 2785 te
1584 2735 1613 2786 et
1629 2734 1740 2804 justum

78 2816 207 2873 tionibus
224 2831 313 2886 opera
334 2816 411 2870 bona
423 2831 584 2880 exerceam,
593 2814 701 2868 viscera
715 2830 767 2887 pro
787 2813 886 2867 anima
936 2813 1090 2868 ostendam
1102 2813 1164 2867 aliis
1175 2812 1309 2868 similiter
1321 2816 1687 2891 peccantibuslilimpu'id
1697 2828 1741 2881 est

78 2905 176 2979 ponit:
189 2905 257 2978 quia
265 2904 340 2959 circa
350 2904 458 2959 viscera
468 2902 649 2974 potissimum
661 2902 759 2957 anima
769 2903 882 2973 regnat.
935 2901 1068 2956 simililer
1080 2901 1152 2956 sicut
1163 2917 1216 2972 ego
1228 2904 1392 2972 peccantes,
1406 2904 1474 2958 edla
1485 2916 1678 2977 concertemus,
1689 2929 1740 2983 per

116 2995 149 3049 Et
160 2998 313 3067 postquam
322 2994 456 3065 spiritum
468 2995 579 3046 rectum
589 2991 660 3045 mihi
670 2990 840 3057 reddideris,
851 3007 884 3045 ne
934 2990 1147 3062 peonitentiam,
1158 2992 1290 3060 exemplo
1303 3008 1372 3046 meo
1381 2993 1507 3048 adducti.
1523 2996 1558 3050 Ut
1573 3001 1669 3055 autem
1685 3001 1740 3058 boe

76 3085 206 3157 projicias
221 3100 285 3137 luen
299 3083 370 3152 facie
389 3088 445 3143 tivo,
462 3080 490 3135 id
506 3084 550 3134 est
562 3097 598 3134 ne
615 3079 765 3152 permittas
781 3082 812 3133 ut
828 3095 881 3150 ego
932 3078 969 3134 sit
980 3078 1058 3150 quod
1073 3078 1154 3149 impii
1171 3079 1304 3150 exemplo
1323 3096 1389 3134 meo
1406 3081 1441 3134 ad
1455 3085 1483 3136 te
1496 3090 1738 3157 convertantur,o

78 3172 400 3246 perpeccavumjterum
412 3186 459 3224 me
470 3169 622 3242 projiciam
633 3168 828 3222 areetitudine
839 3169 881 3222 la·
931 3169 1016 3234 Deus,
1026 3167 1054 3221 id
1063 3169 1105 3222 est
1113 3166 1232 3221 Creator
1240 3173 1356 3222 meuset
1369 3152 1454 3242 173
1468 3172 1542 3226 Deus
1554 3174 1647 3230 solutis
1661 3195 1738 3249 mea,

79 3263 132 3318 eiei
148 3265 215 3330 tuae,
238 3262 267 3317 id
288 3260 418 3326 esttibi,
435 3261 483 3331 qui
500 3259 587 3314 iacies
610 3257 700 3312 Patris
717 3256 830 3324 dicitur,
847 3271 882 3311 eo
933 3257 962 3311 id
975 3259 1018 3310 est
1033 3255 1152 3311 Creator
1167 3257 1336 3311 salvationis
1349 3275 1432 3326 meae,
1450 3277 1514 3332 quia
1529 3263 1600 3319 mihi
1616 3268 1739 3324 salutem

78 3351 157 3424 quod
167 3368 219 3423 per
230 3352 290 3422 ejus
307 3348 502 3405 obedientiam
515 3364 567 3402 nos
583 3346 674 3401 Patris
687 3345 884 3400 misericordie
933 3345 1076 3412 restitues,
1089 3361 1178 3416 quarn
1188 3346 1337 3417 peccando
1349 3347 1433 3403 amisi
1451 3349 1566 3407 :Libera
1581 3370 1622 3408 me
1631 3355 1663 3410 de
1676 3374 1739 3412 sun·

78 3444 111 3496 ut
126 3441 304 3496 salvaremur
317 3438 441 3510 asperit3
458 3437 529 3490 sicut
547 3451 600 3506 per
623 3435 715 3488 visum
732 3434 781 3506 qui
794 3435 836 3489 est
852 3433 883 3487 in
932 3437 1069 3508 pumilus,
1084 3434 1114 3489 id
1129 3439 1171 3489 est
1187 3435 1222 3490 de
1242 3436 1367 3505 peccatis
1382 3437 1464 3505 meis,
1477 3441 1618 3499 adulterio
1634 3445 1740 3505 seilicet

76 3529 161 3596 facie,
179 3528 281 3600 aliquis
298 3527 407 3599 aspicit.
420 3525 458 3580 Ει
472 3542 505 3579 iae
516 3525 626 3594 uviferae
647 3541 663 3575 u
683 3541 734 3586 ιιιε,
745 3522 775 3576 id
790 3526 833 3577 est
847 3538 884 3577 ne
934 3531 963 3583 et
976 3526 1142 3591 homicidio,
1152 3542 1205 3597 per
1215 3527 1355 3582 bersabee
1369 3530 1533 3600 commisso,
1548 3552 1611 3606 quan
1625 3538 1740 3610 sangui·

77 3618 229 3692 permittas
239 3617 363 3689 amptius
372 3614 478 3669 auferri
490 3631 560 3668 ame
569 3610 885 3684 perpeccatum‚Spiri·
935 3633 986 3671 nes
1002 3615 1144 3679 dicuntur,
1160 3630 1194 3667 eo
1211 3614 1288 3686 quod
1305 3632 1338 3670 cx
1352 3617 1442 3673 nimio
1458 3622 1605 3692 sanguinis
1617 3625 1739 3684 tremore

77 3712 136 3762 tuin
150 3713 271 3760 sunctum
287 3703 409 3765 tuuiu,id
423 3707 465 3758 est
476 3702 687 3757 inhabitantem
698 3699 885 3772 pergratiam
935 3704 1136 3776 processerunt
1151 3703 1193 3756 vel
1221 3702 1253 3756 de
1272 3706 1458 3773 sanguinibus,
1477 3707 1506 3762 id
1527 3712 1570 3763 est
1589 3712 1624 3766 de
1642 3717 1740 3773 multis

78 3795 200 3869 Spiritus
216 3795 267 3862 tui,
284 3796 312 3849 et
328 3793 401 3848 iltius
417 3792 525 3846 seilicet
547 3807 690 3862 personae,
714 3805 777 3861 quae
799 3789 884 3859 vulgo

31 3935 37 3941 .
79 3883 201 3956 Spiritus
215 3883 396 3954 diciturque
404 3880 491 3935 etiam
503 3896 521 3934 a
531 3882 615 3934 l‘atre
626 3879 655 3933 et
663 3877 731 3932 Filio
744 3876 883 3948 procedit;

79 3971 162 4036 Quod
175 3973 217 4026 est
231 3987 264 4025 ae
279 3970 301 4024 si
319 3970 394 4023 dieat
406 3986 412 4023 :
422 3970 475 4023 Fae
485 3969 514 4022 in
527 3984 574 4022 ine
586 3969 755 4021 constanter
771 3964 885 4019 inhabi-

78 4063 141 4114 tare
157 4058 282 4131 gratiam
294 4057 415 4128 Spiritus
426 4057 573 4127 paracleti.
592 4056 625 4109 Et
641 4055 678 4109 sic
694 4072 700 4104 τ
716 4054 806 4108 Redde
820 4053 887 4107 suilli

80 4147 203 4204 latitimn
217 4147 343 4201 soluturis
356 4148 406 4211 tui,
418 4145 500 4200 idest
514 4144 576 4198 Filii
593 4144 634 4198 tui
648 4143 697 4215 qui
716 4142 818 4197 mundi
827 4141 887 4196 Sal-

79 4240 162 4292 vator
174 4236 244 4303 erit;
262 4252 294 4290 ac
309 4235 332 4288 si
347 4234 454 4288 diceret
470 4250 476 4288 :
495 4235 616 4303 Propter
632 4231 740 4303 peccati
752 4230 808 4285 mei
817 4245 884 4301 gra-

935 3792 1079 3848 mortibus
1096 3807 1168 3862 quas
1180 3792 1316 3860 operatus
1331 3809 1405 3847 sum.
1423 3795 1554 3851 tuterieci
1568 3816 1695 3873 namque
1709 3804 1738 3862 in

936 3897 1056 3952 corpore
1070 3879 1168 3934 Uriam
1180 3877 1378 3934 innocentem.
1396 3883 1528 3938 interfeci
1544 3886 1632 3942 etiam
1647 3907 1694 3946 me
1709 3893 1739 3949 in

936 3969 1044 4034 anima,
1066 3967 1240 4022 adulterium
1265 3969 1436 4025 exercendo.
1467 3973 1601 4030 tuterieei
1624 3994 1739 4052 quoque

936 4059 1085 4122 bersahee,
1097 4073 1162 4110 earn
1172 4055 1209 4110 ad
1220 4056 1354 4111 adulterii
1368 4073 1539 4116 eonsensum
1550 4062 1738 4135 impellendo.

936 4149 976 4202 De
992 4146 1094 4218 quibus
1106 4144 1241 4199 omnibus
1254 4145 1398 4200 mortibus
1409 4165 1450 4202 me
1460 4149 1738 4226 lideru,iudulgendo

935 4235 1103 4299 clementer,
1112 4250 1147 4287 ne
1155 4250 1207 4304 per
1217 4234 1308 4288 easad
1318 4239 1444 4290 mortem
1453 4240 1561 4308 trahar,
1569 4244 1739 4303 cruciandus

79 4325 210 4391 vitatem,
227 4321 379 4378 Salvatoris
404 4321 466 4375 Filii
491 4321 532 4375 tui
555 4321 638 4375 amisi
660 4318 801 4390 Iustitiam.
820 4317 884 4372 Seio
896 4325 922 4384 Ι)
935 4321 1112 4395 perenniter.
1126 4321 1250 4391 Sanguis
1262 4322 1379 4393 quidem
1396 4341 1448 4396 pre
1465 4331 1559 4383 morte
1574 4332 1737 4403 ponitur,eo

80 4429 207 4486 namque
220 4413 288 4484 quia
304 4412 333 4465 in
350 4411 411 4481 ejus
426 4411 584 4465 adveutum
601 4408 672 4464 nibil
688 4407 817 4462 utilitatis
832 4406 884 4460 ha·

80 4502 166 4567 bebo,
179 4502 232 4556 nisi
243 4499 404 4570 hiepeecati
412 4498 614 4553 remissionem
622 4514 674 4570 per
682 4495 884 4568 poenitentiam

79 4587 393 4661 adeptusiuermunde,
406 4602 520 4659 precor,
531 4584 697 4656 indulgeat
707 4583 884 4638 sictoetiliam

79 4679 233 4734 Salvatoris
245 4679 358 4733 venturi
368 4678 437 4732 mibi
448 4676 537 4731 redde
546 4693 552 4730 :
561 4677 595 4730 Et
603 4676 632 4730 in
645 4674 693 4728 illa
705 4673 804 4729 laetitia
820 4689 883 4728 con-

78 4769 158 4838 firma
177 4786 233 4836 ure,
246 4768 275 4823 id
291 4772 334 4823 est
352 4782 535 4839 perseverare
550 4782 597 4819 me
616 4765 671 4830 iac,
688 4779 724 4816 ne
737 4762 883 4833 peccando

78 4857 268 4913 criminaliter
282 4874 380 4913 rursus
395 4873 430 4911 ea
442 4870 568 4910 caream.
582 4853 649 4908 Dico
658 4869 664 4905 :
674 4853 705 4905 ln
720 4867 754 4905 ea
767 4867 813 4904 me
824 4866 884 4904 con·

81 4947 171 5015 firmo,
181 4950 210 5001 et
219 4948 274 5002 hoe
287 4946 391 5018 Spiritu
399 4944 555 5015 principali,
565 4942 593 4997 id
604 4945 646 4996 est
658 4958 708 5013 per
724 4941 751 4993 le
767 4940 884 4992 Patrem

79 5032 164 5088 inme
174 5032 536 5105 specialiterhabitantem.
550 5032 635 5084 Pater
651 5031 748 5083 autem
763 5026 884 5098 Spiritus

79 5123 248 5194 principalis
260 5124 374 5189 dicitur,
383 5121 526 5193 nonquod
542 5120 647 5174 Filioet
655 5117 773 5190 Spiritui
785 5120 884 5170 saneto

79 5212 267 5284 principetur,
284 5216 312 5266 et
328 5212 369 5267 eis
384 5210 479 5280 major
495 5209 614 5274 existat3
631 5205 832 5278 sedquoniam
848 5203 885 5258 ab

79 5317 114 5356 eo
124 5300 447 5373 ineffabilitergignitur
454 5301 473 5353 F
475 5296 740 5368 ilius,proeeditque
751 5293 884 5367 Spiritus.

79 5391 157 5444 Rene
168 5389 285 5462 quidem
302 5387 445 5461 inprimis
461 5387 521 5457 agit
539 5386 574 5439 de
590 5386 608 5439 F
611 5384 723 5451 ili03ubi
734 5383 812 5438 dicit.
823 5383 886 5454 Spi-

80 5480 162 5532 ritum
179 5485 279 5534 rectum
304 5482 412 5543 innovo,
439 5481 493 5532 ele.
511 5476 613 5529 Postea
636 5488 703 5528 vero
724 5472 760 5527 de
779 5471 887 5543 Spiritu

82 5571 192 5638 sancto,
205 5584 270 5624 eum
284 5568 366 5643 ponit
384 5584 390 5622 :
406 5566 539 5640 Spiritum
553 5568 673 5618 sunctum
687 5566 774 5630 trium,
784 5565 839 5617 etc.
855 5561 887 5618 ln

935 4411 1013 4484 quod
1026 4411 1054 4464 iu
1069 4410 1271 4465 interiectione
1282 4412 1374 4467 soleat
1395 4430 1471 4484 saepe
1486 4418 1602 4489 sanguis
1617 4422 1737 4479 effundi.

935 4500 1016 4556 Unde
1029 4501 1170 4571 propbeta
1183 4515 1189 4553 :
1203 4498 1254 4553 «Si
1269 4516 1327 4554 nou
1345 4504 1561 4561 annuntiaveris
1573 4508 1672 4582 iniquo
1684 4512 1738 4568 ini·

934 4591 1074 4663 quitatem
1092 4604 1184 4652 suam,
1199 4588 1369 4659 sanguinem
1384 4591 1456 4661 ejus,
1471 4613 1485 4642 u
1503 4594 1531 4648 id
1545 4600 1587 4650 est
1602 4603 1738 4671 mortem,

935 4701 949 4730 u
965 4679 999 4733 de
1014 4681 1158 4731 manutua
1169 4678 1313 4747 requiram
1324 4677 1433 4746 (Ezecli.
1452 4698 1492 4751 ru,
1508 4686 1560 4754 lb).
1579 4706 1592 4734 u
1606 4688 1639 4742 Et
1651 4689 1673 4742 si
1690 4707 1737 4746 me

933 4768 965 4821 de
977 4766 1151 4838 sanguinibus
1162 4765 1336 4833 liberaveris,
1345 4784 1404 4823 non
1419 4771 1512 4825 sotum
1525 4778 1657 4846 exempto
1670 4795 1736 4835 meo

934 4859 1038 4927 iniquos
1048 4853 1211 4919 docebo,sed
1226 4860 1249 4907 el
1259 4854 1352 4925 linquo
1364 4875 1422 4912 meo
1438 4861 1582 4915 ecsvvltulrt
1593 4864 1737 4933 justitium

935 4949 1019 5003 ιιιαιιι,
1032 4941 1060 4995 id
1072 4944 1113 4995 est
1121 4942 1297 4996 exsultanter
1308 4947 1480 5001 annuntiabit
1492 4953 1518 5003 tc
1533 4966 1593 5006 esse
1602 4953 1710 5023 justum
1728 4973 1735 5012 :

935 5028 983 5101 qui
997 5044 1044 5082 me
1058 5028 1274 5098 justificaveris;
1288 5031 1331 5084 vei
1350 5031 1398 5098 sie,
1416 5037 1588 5092 annuntiabit
1605 5041 1668 5096 aliis
1681 5043 1737 5099 ini·

935 5116 1139 5189 quisjustitium
1155 5124 1330 5189 enumquam
1347 5120 1418 5174 mihi
1440 5122 1562 5193 dederis,
1580 5133 1611 5182 ut
1632 5134 1659 5185 et
1684 5131 1737 5204 ipsi

936 5205 972 5260 ad
985 5207 1011 5260 te
1020 5206 1147 5259 conversi
1154 5205 1510 5275 justificentur.Promittit
1520 5230 1585 5270 vero
1596 5218 1649 5272 hoe
1660 5221 1738 5291 quod

937 5294 1038 5359 oravit,
1049 5310 1078 5347 se
1089 5294 1206 5364 adipisci
1220 5311 1252 5348 ex
1263 5295 1366 5349 diviuae
1379 5297 1583 5358 misericordiae
1592 5308 1739 5364 conliden-

937 5383 986 5450 tia‚
996 5382 1121 5436 etinboc
1130 5399 1244 5454 quoque
1253 5383 1367 5438 veniam
1376 5391 1521 5444 meretur:
1535 5394 1613 5462 qued
1628 5412 1687 5449 non
1701 5398 1737 5453 de

938 5471 1148 5527 ileielemeutia
1158 5471 1275 5539 diffidit,
1286 5474 1336 5528 sed
1344 5475 1527 5535 confidentiae
1537 5480 1590 5536 sibi
1600 5500 1681 5551 spem
1693 5488 1736 5541 at·

939 5558 1047 5617 tribuit.
1061 5559 1121 5615 lliri
1134 5559 1248 5633 quodsi
1266 5560 1442 5634 liberaveris,
1456 5568 1534 5640 quod
1554 5569 1653 5645 lingua
1672 5590 1739 5634 mea
