3772 5976
86 279 136 342 901
877 284 968 344 tort
1700 288 1758 361 ΒΜ

85 427 103 466 a
123 410 151 466 S.
178 405 314 466 Brunone
328 406 430 482 primis
446 409 694 467 Carthusiensibus
717 409 803 468 luisse
822 419 934 488 pra-A
949 411 1016 469 vitae
1025 427 1117 486 genus
1138 410 1167 471 S.
1185 412 1354 472 anonem
1370 413 1489 492 ejusque
1505 432 1640 494 sequaces
1654 438 1750 484 assum

84 499 232 570 scriptam,
250 498 419 571 neutiquam
436 497 548 553 evincat
562 499 751 556 ldabillonius.
944 502 1042 574 psisse,
1058 519 1109 558 seu
1131 505 1246 576 speciali
1267 505 1382 561 cuidam
1401 508 1521 579 regule,
1544 527 1607 581 quae
1624 516 1653 567 61
1667 530 1684 567 6
1698 515 1750 571 Be·

120 591 183 657 495.
199 589 254 642 Nec
274 588 303 642 id
321 603 407 657 porro
423 587 512 643 etiam
528 589 631 644 evincit
646 590 757 645 duobus
772 590 833 645 aliis
848 588 895 646 hie
918 656 920 659 .
944 591 1464 666 nedietinaetabaliisquibuscunque
1474 597 1753 656 anteconditisesset

85 676 180 732 adhue
195 676 381 731 discutiendis
396 677 586 748 argumentis,
600 695 722 750 quorum
740 681 864 734 alterum
877 696 894 735 6
944 679 1065 749 diversa,
1081 698 1141 736 sese
1160 681 1335 750 astrinxisse,
1346 682 1451 738 merito
1461 685 1613 741 contendit
1627 686 1747 744 Caribu-

83 764 244 837 privilegio,
276 780 328 834 per
353 765 520 819 Pascbalem
542 765 563 819 ll
591 766 728 834 lanvino,
749 766 894 839 Squillaeii
943 767 1039 824 sianus
1056 786 1229 842 anonymus,
1247 770 1397 826 annalium
1415 771 1662 830 Carthusiensium
1684 776 1751 834 libri

83 859 151 925 post
165 854 195 909 S.
210 855 376 908 Brunonem
394 854 482 925 priori
497 871 642 923 concesso,
659 857 783 911 alterum
798 873 815 911 a
829 872 894 928 pro-
943 856 1752 934 quartihaetenusnonvulgatiauetor,itahujuslucubra-

82 944 215 999 fessionis
226 944 362 1009 formula,
380 944 456 1013 apud
472 943 674 999 Carthusianos
689 949 834 1018 usurpata,
849 962 893 1001 re·
941 942 1101 1013 tionissuae,
1111 946 1355 1002 utCarthusianus
1371 948 1749 1010 Parisiensisnum.ltllite·

81 1032 276 1106 petitur.Quis
292 1032 371 1086 enim
385 1049 417 1086 ex
435 1049 479 1100 ao,
491 1033 568 1105 quod
581 1034 642 1088 baee
656 1035 758 1089 eadem
772 1036 817 1103 sit,
828 1053 891 1108 quae
940 1033 1292 1089 rumlaudatusmeetiam
1299 1036 1470 1102 docuit,loco
1477 1037 1584 1094 ibidem
1591 1039 1677 1097 citato
1684 1041 1750 1098 scri·

81 1121 350 1188 Benedictinorum,
367 1122 471 1176 merito
488 1123 720 1178 concludendum
736 1128 828 1196 putet,
844 1142 890 1180 re·
940 1119 1747 1198 4666116666..66666666666666666666-

81 1213 195 1284 gulam,
207 1228 271 1284 quae
284 1211 388 1266 horum
401 1214 453 1277 cst,
465 1211 719 1267 Carthusianorum
727 1209 835 1284 pariter
850 1230 892 1268 es-
941 1209 1381 1279 nastiearum,trectetunouode
1389 1214 1506 1286 regulis,
1515 1216 1686 1274 duodecimo
1693 1236 1746 1275 666-

82 1302 134 1357 sel
144 1300 331 1357 Professionis
345 1300 473 1356 formula
493 1301 596 1356 eadem
614 1301 675 1356 iere
691 1305 734 1357 est
749 1307 890 1375 quantum
940 1299 1003 1354 culo
1011 1299 1335 1373 scriptis,disquisitione
1345 1306 1448 1374 quarta
1456 1305 1562 1359 statuta
1569 1309 1747 1381 nostraque

81 1390 119 1445 ad
135 1389 325 1445 substantiam
339 1390 369 1445 in
385 1389 539 1464 plerisque,
551 1408 587 1446 ne
600 1390 695 1446 dicam
706 1391 735 1446 in
745 1392 889 1459 omnibus,
939 1387 1068 1442 veredici
1079 1390 1210 1460 regulam
1221 1389 1338 1457 latetur,
1353 1406 1371 1443 a
1385 1390 1486 1462 regula
1499 1392 1590 1447 sancti
1600 1394 1746 1451 Benedicti

82 1478 227 1550 religiosis
245 1479 404 1546 ordinibus,
422 1496 474 1535 nec
497 1483 652 1552 propterea
671 1483 770 1536 tamen
784 1482 890 1537 horum
940 1473 1100 1547 distinguit.
1124 1477 1159 1531 Et
1178 1479 1304 1532 tractatu
1319 1478 1446 1534 seeundo
1463 1479 1528 1535 libri
1542 1482 1670 1550 secundi,
1687 1483 1744 1538 dis-

82 1567 216 1622 omnium
223 1568 326 1622 eadem
336 1567 444 1639 pariter
451 1571 494 1623 est
505 1570 689 1641 quantumad
700 1570 889 1626 substantiam
939 1563 1092 1634 quisilione
1106 1564 1208 1637 quinta
1217 1566 1253 1621 de
1269 1565 1518 1622 Carthusiensibus
1527 1568 1663 1640 loquitur,
1680 1576 1745 1627 tan·

80 1657 194 1727 regula.
205 1656 261 1710 Nec
275 1656 373 1721 refert,
382 1656 565 1725 professionis
576 1658 733 1712 formulam
743 1662 805 1713 tum
821 1656 889 1714 Car·
938 1667 1027 1722 quam
1042 1652 1158 1708 diversis
1186 1654 1222 1709 ab
1247 1652 1349 1709 ordine
1373 1655 1570 1712 Benedictimo
1588 1674 1595 1713 :
1613 1680 1627 1709 «
1644 1658 1680 1714 Ut
1695 1677 1746 1717 eos

77 1743 358 1810 thusianorum,tum
366 1744 619 1800 Benedictinorum
627 1746 728 1801 iisdem
737 1747 821 1818 plane
829 1764 890 1803 ver·
901 1733 927 1793 Β
940 1760 954 1789 t<
965 1740 1129 1808 omittampi
1139 1741 1243 1814 inquil,
1255 1741 1744 1818 6111116111)53666116116636116961)

78 1831 123 1885 bis
136 1831 258 1904 concipi.
275 1832 321 1886 Uti
332 1831 411 1887 cuim
427 1849 460 1886 ex
470 1849 515 1900 eo,
532 1834 610 1905 quod
625 1835 769 1906 quaepiam
781 1836 888 1906 regula,
937 1828 1086 1884 »serviunt
1096 1830 1154 1902 (qui
1165 1830 1261 1901 potius
1273 1830 1356 1885 unius
1366 1831 1569 1889 ordinisvariac
1583 1851 1743 1908 congrega·

77 1919 271 1974 Benedictinae
281 1922 387 1974 statuta
397 1921 569 1976 verbotenus
583 1921 671 1976 etiam
680 1920 710 1975 in
724 1920 886 1976 Caribusia-
936 1934 951 1964 »
964 1915 1066 1984 tiones,
1097 1934 1185 1990 quam
1214 1917 1339 1974 distincti
1365 1919 1482 1975 ordines
1502 1922 1638 1978 censendi
1665 1925 1742 1997 sunt)

74 2025 182 2062 norum
197 2009 329 2080 regulam
349 2008 408 2062 sint
423 2009 513 2076 illata,
534 2009 885 2080 consequensseeundum
936 2003 1030 2059 »ordo
1062 2005 1250 2062 Calhusianus
1268 2006 1395 2078 plurima
1418 2008 1482 2064 aS.
1503 2010 1656 2066 Benedicta
1678 2029 1743 2068 mu·

69 2095 136 2167 jam
152 2096 299 2151 dictanon
316 2099 370 2164 est,
386 2098 505 2152 uthanc
521 2098 763 2152 totamacsolam
783 2098 886 2168 primis
935 2111 950 2139 >³
960 2094 1055 2147 11111111
1077 2097 1130 2162 esi,
1156 2097 1241 2167 etc.»
1266 2096 1374 2161 Quibus
1402 2097 1496 2153 verbis
1517 2102 1615 2171 aperte
1647 2099 1744 2156 innuit

75 2183 272 2239 carthusianis
285 2185 494 2240 observandam
506 2185 534 2240 S,
561 2186 656 2239 Bruno
667 2185 884 2256 praesmipserit,
936 2177 1160 2251 carthusienses,
1172 2183 1225 2238 etsi
1235 2183 1362 2256 plurima
1372 2201 1389 2240 a
1400 2188 1500 2240 sancto
1515 2186 1669 2243 Benedieto
1681 2205 1743 2245 mu-

72 2272 116 2328 ita
127 2275 260 2341 nachor,
278 2277 310 2328 ut
330 2273 524 2329 consideranti
543 2273 652 2345 patebit
671 2274 884 2330 consectarium
934 2268 1005 2323 1111111
1019 2269 1086 2338 sint,
1098 2287 1156 2326 non
1178 2274 1278 2327 tamen
1293 2272 1344 2327 sub
1359 2271 1420 2343 eius
1433 2273 1534 2344 regula
1550 2274 1609 2330 Deo
1625 2274 1740 2330 servire.

73 2378 137 2416 esse
151 2366 246 2434 potest
261 2379 294 2416 ex
310 2379 354 2430 eo,
372 2362 460 2434 quod,
481 2361 584 2433 quibus
597 2362 692 2417 verbis
707 2363 784 2434 apud
797 2364 886 2418 Bene·
934 2356 968 2411 Et
979 2373 1080 2413 reverit
1095 2360 1220 2415 tractatu
1233 2363 1311 2415 sextO
1327 2359 1459 2432 ejusdem
1475 2361 1551 2430 libri,
1567 2361 1742 2434 disquisitio·

72 2449 198 2505 dietinos
221 2449 408 2522 professionis
432 2451 558 2505 formula
582 2449 753 2523 concipitur,
781 2450 883 2506 iisdem
933 2460 970 2498 ne
986 2448 1091 2517 (111111ῑὸ
1104 2461 1257 2504 recensens
1277 2447 1404 2515 ordines,
1424 2448 1640 2511 Benediclinflm
1656 2466 1743 2523 regu·

69 2538 243 2593 etiamhauc
251 2538 303 2593 sihi
316 2539 510 2610 usurpandam
519 2537 700 2593 carthusiani
708 2539 881 2610 acceperint.
932 2532 991 2588 lam
1003 2533 1181 2605 profitentes,
1205 2536 1316 2590 nullam
1338 2534 1406 2590 facil
1421 2536 1605 2593 mentionem
1620 2537 1741 2595 Cartha·

71 2625 157 2690 Quod
173 2627 261 2681 modo
277 2626 314 2681 nd
325 2626 517 2698 privilegium,
535 2643 551 2681 a
567 2627 703 2680 Paschale
715 2627 737 2679 ll
754 2626 882 2683 lanvino
932 2620 1083 2677 siensium.

70 2729 241 2769 eoncessum
253 2714 390 2787 pertinet,
402 2714 484 2769 unice
493 2715 523 2768 in
539 2716 594 2770 hoc
604 2714 699 2786 agitur
708 2715 744 2769 de
760 2715 883 2787 particu·
968 2712 1030 2766 497.
1050 2733 1067 2777 (ς
1077 2711 1156 2767 ldem
1170 2710 1280 2766 censuit
1290 2716 1358 2767 6616
1373 2710 1512 2769 ducentos
1526 2731 1617 2771 annos
1627 2720 1742 2774 sanctus

69 2802 125 2857 lari
136 2802 314 2858 monasterio
336 2803 672 2870 ltlentaur·i,aLanvino,
688 2802 825 2873 pontifice
839 2803 882 2858 in·
936 2798 1085 2867 latonius,
1113 2799 1153 2855 ita
1183 2799 1268 2870 (part.
1300 2799 1441 2856 nimirum
1469 2819 1489 2856 u
1516 2802 1597 2872 hist,
1620 2804 1665 2859 tit.
1695 2804 1739 2874 15,

70 2890 223 2962 dulgente,
236 2890 353 2945 tribusa
368 2890 522 2963 Squillacio
539 2890 710 2945 milliaribus
727 2893 833 2957 erecto,
852 2891 882 2946 in
932 2904 995 2958 cap.
1010 2889 1052 2959 ll]
1065 2887 1209 2942 scribens:
1233 2889 1327 2943 «Post
1345 2889 1532 2946 Benedictum
1551 2909 1653 2948 omnes
1675 2910 1738 2949 mo-

69 2995 139 3051 quo,
159 2978 207 3051 qui
221 2978 285 3033 vitae
302 2979 458 3034 eremitica
473 2978 569 3035 idonei
587 2996 646 3034 non
662 2981 756 3045 erant,
768 2979 883 3035 vivendi
896 3012 920 3072 C
932 2995 946 3023 »
959 2976 1043 3030 naehi
1055 2975 1216 3034 Occidentis
1233 2975 1360 3032 militant
1376 2979 1428 3034 sub
1444 2980 1546 3051 regula
1561 2980 1638 3036 beati
1651 2983 1741 3038 Bene-

68 3066 481 3133 modum,aCartlrusianorum
488 3067 665 3138 reliquorum
674 3067 786 3122 vivendi
793 3067 881 3123 modo
932 3085 946 3113 »
958 3064 1027 3119 dicti
1043 3069 1072 3120 et
1093 3065 1188 3137 ipsum
1211 3065 1320 3121 habent
1338 3066 1367 3121 in
1391 3070 1517 3137 patrem,
1535 3070 1659 3142 exceptis
1674 3071 1741 3126 Car·

70 3154 228 3221 diversum,
244 3157 420 3224 tenuerunt3
437 3172 537 3227 quare,
554 3155 606 3210 etsi
619 3155 708 3210 etiam
723 3156 804 3210 novis
817 3172 880 3211 mo·
932 3174 947 3203 »
959 3153 1739 3228 thusiensibus,quihabentspeeialessuasconstitutio-

71 3243 191 3298 nasterii
205 3243 280 3298 illius
302 3243 403 3298 incolis
418 3245 509 3299 solam
531 3248 560 3299 et
577 3244 723 3316 integram
746 3243 775 3298 S.
791 3245 880 3299 Bene.
932 3259 1016 3298 »nes
1026 3264 1039 3291 a
1055 3243 1089 3297 Et
1100 3259 1200 3297 revera
1212 3258 1278 3297 cum
1298 3242 1514 3315 Guigoprimus
1525 3246 1627 3318 legiler
1638 3251 1738 3304 noster

66 3331 135 3386 dicti
149 3332 282 3404 regulam
296 3331 401 3387 diserte
417 3332 501 3386 tuisse
517 3332 727 3405 praescriptam,
740 3332 880 3405 tantisper
931 3330 1007 3386 dicat
1022 3332 1084 3386 loeo
1100 3331 1203 3386 citato:
1217 3354 1230 3381 u
1244 3331 1415 3403 lnEpistolis
1429 3333 1461 3387 B.
1470 3332 1638 3407 Hieronymi
1651 3338 1695 3392 vel
1706 3338 1736 3394 in

67 3419 215 3487 daremus,
231 3419 441 3475 consectarium
452 3420 520 3476 inde
535 3421 667 3476 noudum
678 3421 764 3489 foret,
778 3424 808 3475 ut
817 3421 879 3476 haee
928 3439 943 3466 »
954 3419 1054 3490 regula
1065 3420 1094 3473 B.
1123 3418 1270 3474 Benedicti
1281 3436 1331 3474 seu
1345 3419 1375 3474 in
1402 3421 1511 3476 eaeteris
1525 3422 1672 3494 scripturis
1688 3441 1737 3480 au·

64 3507 177 3577 pariter
192 3507 292 3578 primis
303 3507 555 3564 Carthasiensibus
569 3509 626 3564 aS.
641 3510 776 3564 Brunone
791 3508 878 3564 fuerit
929 3527 943 3556 »
958 3506 1092 3561 theuticis
1105 3507 1205 3562 omnia
1216 3522 1302 3578 pene,
1320 3524 1383 3579 quae
1398 3508 1428 3563 in
1439 3509 1588 3566 Carthasia
1602 3512 1738 3585 religiose

65 3595 243 3668 praescripta.
255 3597 349 3667 Atque
364 3596 404 3650 ita
422 3596 507 3652 modu
521 3598 601 3652 nullo
615 3613 732 3668 prorsus
748 3613 781 3651 ex
794 3613 879 3669 argu·
926 3614 941 3644 »
956 3611 1043 3666 agere
1059 3595 1269 3661 consuevimus,
1296 3595 1468 3665 contineri,»
1493 3597 1538 3654 bis
1559 3599 1652 3654 verbis
1666 3600 1735 3656 satis

65 3683 493 3756 mentis,quibusBenedietime
502 3687 620 3756 raegulae
633 3685 846 3740 Carthusienses
859 3702 877 3741 a
926 3685 1024 3752 aperte
1035 3681 1139 3750 innuit,
1154 3681 1368 3738 Carthusienses
1378 3683 1432 3738 sibi
1445 3684 1570 3757 aliquam
1578 3686 1733 3757 specialem

64 3771 94 3827 S.
110 3774 246 3828 Brunone
264 3773 350 3829 tuisse
364 3774 504 3842 astrictos,
520 3774 699 3830 ldabiltonius
714 3774 874 3841 contendit,
924 3770 1037 3825 vivendi
1059 3787 1194 3826 normam
1215 3770 1431 3843 praescripsisse,
1461 3789 1478 3826 a
1500 3773 1611 3828 crateris
1625 3776 1732 3846 regulis

62 3861 189 3918 evictum
206 3862 235 3917 id
250 3865 408 3935 utcumque
423 3863 496 3931 dari,
517 3880 552 3918 ex
565 3862 700 3920 omnibus
717 3861 875 3934 jamdictis
923 3858 1191 3923 diversantium
1210 3858 1246 3914 ⁰b
1258 3874 1321 3913 rem
1347 3858 1511 3914 Franciscus
1533 3862 1664 3930 apuleo,
1681 3879 1728 3918 0¹·

61 3950 133 4006 satis
147 3951 249 4023 liquet.
922 3948 1031 4019 plicans
1051 3947 1122 4003 illud
1147 3946 1288 4019 Baynaldi
1307 3947 1398 4002 nostri
1418 3950 1568 4015 statutum,
1592 3966 1648 4021 quo
1664 3965 1729 4021 pro·

95 4041 161 4094 499.
173 4040 208 4094 Et
220 4056 298 4108 vero,
309 4042 442 4095 utmcam
459 4042 547 4096 modo
563 4040 617 4096 hac
632 4039 662 4095 in
673 4057 704 4095 re
718 4044 817 4112 aperte
828 4039 871 4095 di·
921 4035 1046 4102 hibetur,
1063 4052 1100 4090 ne
1116 4034 1238 4107 professi
1259 4033 1289 4089 in
1315 4033 1417 4089 ordine
1442 4034 1674 4092 Cisterciensium
1699 4042 1728 4094 et

61 4143 127 4182 cam
136 4128 323 4196 sententiam,
334 4128 472 4184 Sanctum
482 4133 613 4185 nostrum
624 4147 677 4184 nec
687 4147 727 4197 se,
743 4146 795 4184 nec
806 4146 872 4184 suos
921 4123 1124 4190 consimilium,
1134 4123 1170 4178 ad
1178 4140 1230 4178 nos
1236 4126 1429 4191 transeuntes,
1441 4123 1552 4195 possint
1561 4125 1668 4181 babere
1676 4127 1727 4181 ali-

57 4216 198 4272 adsolam
213 4233 245 4271 ae
259 4217 389 4272 totams.
407 4218 552 4273 benedicti
567 4220 698 4290 regulam
715 4218 870 4273 ohservati—
921 4227 1008 4283 quam
1020 4211 1459 4283 obedientiam,deelarat,quod
1469 4211 1724 4283 perilludverbum

56 4304 126 4360 dam
142 4305 337 4372 obstrinxisse,
350 4307 394 4361 vel
406 4323 439 4361 ex
451 4324 485 4361 eo
503 4308 597 4378 palam
614 4310 667 4371 est,
686 4306 775 4379 quod,
792 4323 869 4378 quae-
880 4301 907 4358 D
920 4299 1099 4356 Cousvurmuu
1114 4299 1317 4371 intelligantur
1331 4300 1467 4355 monachi
1483 4316 1595 4368 omnes,
1612 4301 1659 4374 qui
1668 4303 1723 4358 mi·

55 4400 172 4465 cunque
194 4394 373 4450 observanda
394 4395 447 4450 sibi
472 4395 586 4467 suisque
607 4395 755 4466 imposuit,
781 4412 869 4466 reque
918 4389 1003 4445 litent
1018 4390 1069 4444 sub
1084 4389 1185 4460 regula
1200 4388 1292 4442 sancti
1302 4387 1533 4452 Benedicti.Quis
1544 4405 1601 4444 666
1618 4390 1722 4461 videat,

55 4481 120 4554 ipsa
133 4482 305 4550 observavit,
317 4500 351 4537 ea
369 4484 431 4538 lere
446 4483 546 4538 omnia
562 4483 590 4536 in
609 4483 869 4538 Consuetudiuibus
919 4481 1049 4535 nostrum
1068 4478 1228 4532 Puteanum
1246 4476 1332 4531 tacite
1351 4476 1565 4532 Carthasicnses
1584 4480 1723 4536 acaeteris

56 4570 149 4641 Gnigo
167 4570 272 4642 scripto
286 4571 467 4642 expresserit,
482 4572 664 4642 multumque
680 4571 763 4639 absit,
778 4572 868 4626 6611666
917 4567 1008 4625 sancti
1021 4565 1167 4621 Benedicti
1183 4564 1332 4620 monachis
1342 4565 1528 4637 distinguere,
1536 4570 1674 4639 tanquam
1685 4571 1725 4624 el-

56 4659 151 4715 solam
174 4675 207 4714 ae
227 4661 319 4714 totam
345 4659 564 4714 Benedictiuam
586 4661 717 4732 regulam
734 4676 867 4731 compre·
917 4655 971 4712 teri
985 4656 1093 4727 regula
1106 4653 1246 4708 subditos.
1264 4653 1368 4709 Nostur
1383 4655 1464 4721 Boeo,
1480 4655 1608 4711 scribens
1622 4661 1724 4714 contra

55 4746 458 4815 bendant.Viditidtandem,
472 4747 869 4820 quantumopinor,ldabillo·
917 4762 966 4800 eos
981 4744 1030 4817 qui
1046 4743 1145 4797 dicunt
1155 4742 1288 4797 ordinem
1300 4741 1533 4798 Cartlrusieusem
1546 4761 1605 4800 666
1614 4745 1722 4803 habere

53 4835 283 4908 nius,hinoquea
295 4837 384 4910 priori
393 4837 530 4909 opinione
553 4837 686 4892 nonnihil
700 4836 866 4904 deflectens,
916 4833 1059 4904 regulam,
1075 4829 1205 4902 agnoscit
1215 4829 1334 4902 quidem
1350 4833 1457 4885 statuta
1470 4833 1569 4886 nostra
1584 4834 1723 4889 erdiver-

53 4924 868 4996 8666666666166696669689666ἀί69166661666666616666
917 4920 953 4975 sis
966 4922 1132 4975 sanctorum
1139 4919 1257 4973 Petrum
1267 4917 1379 4989 seriptis
1388 4918 1548 4989 composita
1563 4936 1623 4974 esse
1633 4938 1639 4976 :
1650 4923 1720 4976 «Pa-

51 5013 296 5069 anachoretamm
309 5013 420 5068 screbat
433 5013 605 5081 institutum,
623 5013 675 5067 sibi
685 5013 798 5084 suisque
810 5029 868 5067 sec·
917 5031 931 5059 u
948 5012 989 5063 169
1002 5023 1138 5079 namque,
1149 5027 1163 5056 »
1175 5005 1279 5078 inquit,
1305 5007 1356 5061 «in
1372 5005 1482 5061 eisdem
1504 5007 1625 5074 statutis,
1643 5009 1721 5081 quod

52 5101 199 5157 tandem»
211 5101 401 5172 proposuisse,
411 5102 514 5155 Annal.
528 5101 632 5156 Bened.
644 5101 693 5156 lib.
705 5117 865 5167 6666666666.
917 5120 931 5148 «
946 5097 1005 5164 iila,
1018 5113 1081 5168 quae
1101 5094 1140 5150 ibi
1158 5094 1264 5165 scripta
1282 5098 1358 5160 sunt,
1379 5097 1428 5150 aut
1442 5097 1509 5148 suut
1526 5095 1561 5149 de
1576 5099 1678 5168 regula
1688 5099 1719 5153 B.

52 5189 612 5262 Bbseripsit.Verumuehocquidem,uti
623 5206 656 5244 ex
668 5189 731 5260 jam
744 5189 825 5244 dictis
834 5207 867 5243 66
918 5184 1103 5247 »Benedicti
1123 5185 1172 5238 aut
1184 5183 1219 5238 de
1236 5182 1363 5255 epistolis
1378 5184 1409 5236 B.
1428 5183 1605 5254 Hieronymi,
1620 5189 1669 5240 aut
1683 5186 1720 5243 de

55 5292 147 5349 porro
156 5275 284 5331 dicendis
298 5293 422 5347 pronum
432 5276 868 5347 estcolligere,supraadductae
918 5295 932 5325 6
947 5271 1146 5329 collationibus
1154 5273 1270 5327 Petrum
1278 5270 1369 5325 seude
1378 5269 1448 5324 Vitis
1456 5271 1573 5325 Patrum
1581 5273 1719 5330 veletiam

54 5365 200 5437 scriptore
219 5364 280 5429 illo,
307 5381 394 5436 qucur
424 5368 522 5420 tamen
544 5365 589 5419 hic
606 5365 742 5419 Veterum
763 5364 866 5434 Script.
919 5357 1719 5426 »deliBrisCassiani,etaliorumsanctorumdoctorum
1793 5419 1799 5430 ‚

57 5459 136 5508 tom.
152 5453 186 5506 Vl
201 5452 230 5506 in
247 5453 375 5519 ararat,
398 5470 478 5508 num.
498 5456 531 5508 32
549 5454 709 5509 ltlerteneus
728 5453 867 5524 sequitur,
919 5474 933 5501 a
947 5450 1110 5506 Ecclesiae.»
1129 5447 1238 5504 Deinde
1252 5447 1357 5501 multas
1366 5451 1498 5503 recenset
1509 5449 1633 5520 regulas,
1649 5450 1716 5505 sub-

57 5545 237 5618 argumenta
249 5543 393 5631 evincunt.
406 5545 457 5599 list
470 5537 582 5612 contra,
592 5542 868 5624 specialequoddam
918 5540 1033 5614 ditque:
1048 5537 1130 5594 «Sed
1144 5536 1215 5595 ordo
1232 5535 1440 5594 carthusiensis
1455 5537 1562 5594 nullam
1572 5537 1723 5611 potuitas-
