3772 5970
180 306 270 372 uas
483 305 513 368 S.
533 302 706 366 cannetis
725 299 1043 363 murnnsrmoituu
1061 301 1294 366 INSTITUTORIS
1314 304 1392 365 OPP.
1413 300 1532 365 PARSi
1773 298 1843 362 itit

181 435 261 496 addit
278 455 285 496 ε
302 431 437 503 Quamvis
448 451 480 492 ec
503 441 565 491 tune
591 431 662 491 sedes
687 435 733 489 tua
758 433 807 490 erit
822 436 933 505 porcio,
948 433 1021 495 tuA
1035 432 1201 502 Ecclesiam,
1218 449 1282 508 qum
1297 431 1348 491 Dei
1361 436 1439 490 terra
1453 433 1506 501 εει,
1523 427 1654 489 doctrina
1668 426 1801 487 firmiter
1813 430 1843 487 ει

179 531 279 586 tamen
292 545 343 583 esc
357 525 462 593 seculo,
474 525 503 580 id
519 528 561 580 est
574 524 610 580 ab
623 526 744 590 aeterno,
754 521 816 577 sine
828 520 980 593 principio.
1031 527 1163 595 exemplo
1175 541 1225 579 suo
1239 522 1439 579 illuminaturi.
1450 524 1490 578 lie
1505 521 1608 594 quihus
1620 520 1682 593 ipse
1696 518 1841 575 Dominus

215 618 270 673 Per
281 618 336 672 hoc
346 615 435 689 igitur
446 614 516 669 sedes
531 614 581 667 tibi
595 611 753 683 parabitur,
763 614 791 666 ει
807 610 884 665 orbis
899 613 982 666 terrae
1032 612 1101 667 dicit
1115 630 1121 667 ε
1139 634 1154 666 ‹
1174 612 1279 666 Luceat
1292 611 1340 666 lux
1365 613 1459 666 vestra
1484 626 1583 665 coram
1608 607 1794 672 homiuibus,
1811 610 1841 662 ut

181 706 355 772 firmatibur,
371 702 508 776 quoniam
526 703 650 770 flumine,
676 700 706 754 id
724 702 766 754 est
788 698 920 770 apostoli,
934 697 983 770 qui
1031 702 1148 757 videant
1161 717 1250 773 opera
1265 704 1361 755 restra
1376 700 1464 767 bone,
1480 702 1510 753 et
1531 697 1697 770 glorificent
1720 698 1840 752 Patrem

178 794 267 851 corda
281 795 311 849 in
326 792 452 847 srdclium
469 790 600 846 doctrina
615 788 788 860 irrigabunt,
805 786 981 855 ebriaverunt,
1031 793 1168 857 vestrum,
1186 789 1234 860 qui
1253 789 1282 843 in
1299 788 1376 844 coelis
1397 792 1440 843 εει
1464 786 1558 858 (Μαιι.
1583 803 1611 853 v,
1634 784 1694 857 th).
1712 785 1769 840 Vel
1789 785 1837 852 sic,

178 882 292 939 Domine
304 898 391 935 vocem
405 896 491 945 mom,
508 878 536 932 id
554 879 597 932 est
611 876 766 931 elevabunt
783 891 883 931 vocem
908 891 982 946 pree·
1029 879 1110 949 juxta
1124 878 1370 948 B.ilieronymum
1386 893 1392 931 :
1407 874 1497 932 David
1512 873 1655 946 designati
1662 880 1763 945 quarto
1770 871 1837 928 Seb-

180 970 466 1040 dicationissuaequae
483 969 587 1022 timore
602 965 737 1036 depressa
751 963 804 1018 fuit
817 963 847 1018 in
863 963 904 1018 tui
918 980 982 1035 pas·
1033 968 1097 1034 hoii,
1107 967 1137 1021 id
1148 970 1190 1022 εει
1198 983 1250 1039 per
1260 968 1399 1039 quartam
1407 963 1486 1019 diem
1499 963 1752 1034 septimanae‚quoe
1764 960 1838 1033 apud

179 1059 270 1115 sione.
297 1057 459 1122 Elcootuut,
484 1055 615 1127 inquam,
644 1055 759 1122 turnino
779 1069 867 1106 vocem
893 1069 979 1107 mom.
1031 1055 1146 1111 Latinos
1162 1055 1222 1110 dies
1236 1053 1365 1109 Mercurii
1381 1052 1495 1108 dicitur.
1513 1051 1646 1122 Congrue
1663 1050 1776 1123 quippe
1788 1065 1837 1120 per

178 1147 236 1203 iloc
250 1146 346 1218 itaque
371 1143 476 1214 repetit
496 1143 532 1197 ed
553 1140 816 1207 confirmationem,
831 1143 859 1195 ει
880 1143 982 1196 contre
1031 1147 1165 1216 quartam
1177 1143 1266 1210 diem,
1283 1141 1382 1196 fideles
1396 1140 1582 1214 perfectiores
1594 1140 1624 1194 iu
1636 1137 1838 1194 scientiaacci·

177 1233 388 1290 voeemhorum
398 1230 553 1286 fluminum
560 1227 860 1297 alienamino,scilieet
874 1226 981 1283 terreni
1031 1228 1397 1302 piantur.Sicutenimdies
1409 1229 1512 1299 quarta
1521 1226 1655 1282 inmedio
1664 1225 1836 1296 septimana

177 1322 331 1395 principes,
348 1320 397 1393 qui
416 1318 537 1374 flumina
562 1316 707 1383 dicuntur,
726 1332 760 1371 eo
780 1315 858 1387 quod
879 1331 981 1370 eorum
1031 1317 1165 1385 existens,
1181 1323 1240 1373 tres
1252 1318 1313 1374 dies
1327 1318 1415 1372 habet
1430 1316 1637 1387 praecedentes,
1652 1317 1682 1369 et
1698 1317 1761 1370 tres
1771 1313 1835 1369 sub-

178 1428 248 1468 cura
261 1410 290 1465 in
302 1408 447 1465 subditam
461 1407 579 1478 plebem
595 1405 745 1470 decurrat;
762 1403 980 1458 asimilituuine
1030 1410 1193 1478 sequentes,
1211 1407 1250 1461 ita
1264 1410 1294 1461 ct
1315 1405 1434 1478 perfecti
1457 1404 1509 1459 riri
1521 1403 1591 1459 Nori
1602 1401 1794 1470 Testamenti,
1807 1401 1835 1458 in

178 1492 981 1565 fluminum,inmaredecurrentiumEleooceruntfluctue
1031 1491 1835 1563 medioducrumtestamentorum,Veterisscilicetprae·

178 1602 250 1654 euos,
266 1585 296 1640 id
318 1587 361 1640 εει
380 1581 533 1639 elevabuni
553 1579 766 1654 persecutiones
788 1597 862 1647 suas,
878 1580 982 1652 quibus
1031 1584 1167 1652 cedentis,
1178 1589 1207 1640 ει
1216 1583 1284 1639 Nori
1296 1582 1641 1655 subsequentiseristunt,
1650 1580 1723 1636 dum
1733 1580 1833 1634 utrius·

179 1691 229 1731 eos
241 1675 271 1730 in
283 1675 411 1729 mortem
424 1672 607 1742 demergant,
616 1669 652 1724 ed
663 1669 783 1726 mudum
795 1668 982 1724 fluctuamur
1032 1690 1087 1744 que
1102 1674 1295 1744 completores
1310 1689 1371 1728 csse
1387 1674 1532 1743 satagunt.
1543 1672 1605 1726 Duo
1621 1669 1731 1742 quippe
1744 1669 1833 1724 Testa·

176 1763 233 1821 hoc
248 1761 399 1832 continget
414 1776 431 1814 o
449 1758 554 1814 occidue
569 1775 700 1831 equorum
718 1757 875 1824 multorum,
889 1757 918 1812 id
940 1751 1018 1812 estB
1031 1765 1196 1834 menta‚per
1206 1760 1367 1816 ternarium
1377 1776 1532 1815 numerum
1544 1756 1835 1831 competenteriutcl·

177 1853 296 1926 propter
307 1864 390 1904 voces
404 1850 562 1904 multarum
577 1846 719 1920 gentium,
735 1863 799 1919 quae
812 1844 981 1901 admodum
1030 1849 1169 1920 ligentur,
1183 1866 1218 1905 eo
1229 1849 1436 1921 quodutroque
1446 1848 1642 1912 Testamenta,
1653 1846 1677 1901 si
1688 1862 1758 1900 cum
1774 1843 1833 1900 dili·

179 1955 262 2012 aquae
274 1940 361 1993 erunt
372 1936 530 1994 instabiles.
546 1934 629 1999 Quod
643 1938 686 1990 est
701 1934 810 1990 dicere:
820 1934 886 1989 ldco
899 1932 979 2005 prin·
1030 1938 1128 2009 gentia
1141 1939 1289 2003 notentur,
1303 1936 1370 1991 ssdei
1385 1938 1492 1991 sanctae
1513 1933 1662 1990 Trinitatis
1683 1932 1833 1988 instructio

178 2026 255 2100 cipes
270 2042 319 2081 eos
335 2025 555 2097 persequentur,
572 2023 639 2094 quia
654 2025 754 2095 gentes
772 2022 904 2094 plurimae
931 2037 980 2076 eos
1029 2025 1201 2081 inveniatur.
1230 2027 1261 2080 ln
1285 2024 1378 2080 Veteri
1402 2041 1529 2096 namque
1556 2024 1745 2078 Testamenta
1767 2021 1834 2077 tides

179 2113 317 2189 profanos
331 2116 359 2169 ει
372 2112 527 2183 sacrilegos
544 2127 605 2166 esse
629 2109 838 2182 dijudicabunt.
854 2111 902 2165 Vel
916 2109 977 2164 sic:
1028 2113 1174 2170 Trinitatis
1203 2113 1375 2181 insinuatur,
1402 2112 1450 2168 uhi
1477 2113 1512 2183 de
1542 2111 1690 2166 Abraham
1719 2109 1833 2182 legitur,

181 2204 216 2260 Et
223 2204 278 2259 hoc
289 2201 439 2273 continget
451 2218 468 2255 o
481 2200 586 2255 uocibus
600 2216 731 2271 coconem
745 2200 901 2261 multorum,
912 2214 979 2270 pro-
1030 2224 1045 2254 e
1060 2206 1118 2258 tres
1133 2202 1351 2272 vincennam
1367 2200 1582 2272 adoravithcn.
1592 2217 1672 2266 xvru,
1686 2200 1727 2270 3).
1741 2220 1756 2247 o
1765 2198 1836 2263 Quia

181 2286 920 2366 pterrocesmultorumpraedicatorumecilicetideo
931 2302 980 2342 eos
1029 2307 1096 2346 vero
1111 2292 1172 2346 huc
1187 2291 1290 2347 eadem
1306 2290 1378 2346 ildes
1392 2290 1421 2345 in
1437 2290 1514 2346 Novo
1532 2286 1834 2359 denotatur,cxemplo

181 2377 475 2456 persequentur,quia
484 2393 536 2449 per
549 2392 599 2431 ecs
614 2376 720 2431 multos
732 2375 801 2430 alios
812 2374 980 2446 aquaseiiici
1030 2379 1181 2451 multiplici
1191 2378 1370 2435 manifestari
1382 2379 1566 2451 potest.Benc
1577 2376 1698 2448 quidem
1708 2376 1835 2448 psalmus

179 2468 327 2535 dolebunt,
351 2466 381 2521 id
407 2468 450 2520 εει
475 2464 543 2538 qnia
565 2464 671 2518 multos
697 2463 919 2518 considerabunt
944 2462 981 2519 ad
1030 2467 1093 2536 iste,
1110 2469 1171 2524 leus
1183 2469 1313 2540 jucunde
1336 2467 1465 2522 fidelium
1488 2465 1601 2522 dicitur.
1626 2467 1658 2520 ln
1676 2465 1736 2520 hoc
1757 2462 1834 2518 enim

178 2557 343 2628 exemplum
359 2569 471 2621 eorum,
482 2553 545 2608 fore
558 2551 749 2623 adaquatores
763 2551 916 2606 hominum
929 2568 981 2624 per
1030 2558 1141 2627 psalmo
1158 2556 1258 2612 lldeles
1272 2556 1302 2611 in
1317 2555 1436 2611 scientia
1451 2553 1582 2627 perfecti,
1598 2555 1721 2624 ugentes
1736 2554 1835 2606 contra

179 2643 352 2702 doctrinam.
367 2642 435 2698 Dico
457 2640 535 2714 quod
561 2640 715 2695 elevabunt
737 2638 848 2706 fluctus,
865 2642 894 2695 et
919 2639 981 2696 istae
1030 2643 1116 2700 falsos
1132 2644 1310 2700 Christianos
1321 2643 1528 2716 impunitatem
1543 2640 1702 2697 eriminum
1718 2655 1833 2696 suorum

178 2727 650 2805 elataepersecutionesprincipum
656 2728 747 2782 Deum
758 2728 980 2784 amaricantium
1030 2733 1082 2788 sibi
1094 2732 1403 2804 promittentes,lieum
1415 2730 1617 2798 laudaut,dum
1628 2746 1697 2784 eum
1706 2729 1834 2784 asserunt

177 2805 506 2895 376mirobiteeerunt
520 2834 580 2889 prae
594 2815 734 2872 nimiasui
745 2816 940 2873 immensitate
951 2821 981 2873 ει
1025 2822 1224 2893 judicaturum
1241 2822 1351 2877 ultione
1370 2821 1458 2892 justa,
1476 2835 1548 2891 quos
1561 2818 1608 2873 hic
1628 2817 1753 2872 sustinet
1771 2816 1833 2873 miti

176 2908 486 2984 asperitate.Caetcrum
495 2904 690 2962 Dominoserit
700 2905 795 2977 magis
806 2905 936 2960 mirabilis
950 2907 979 2962 in
1029 2910 1178 2981 patientia.
1193 2908 1359 2965 Concessire
1373 2924 1488 2981 quoque
1503 2908 1603 2978 agunt,
1619 2904 1656 2960 de
1671 2921 1777 2960 aarum
1789 2921 1833 2960 ra.

174 2999 220 3056 his
230 2998 291 3054 oltis
298 3000 328 3053 et
334 2993 667 3070 proiuudisclationibus
683 2991 925 3057 sedandis:Quod
938 2997 1015 3094 cstC
1030 2998 1186 3054 tributione
1201 2996 1406 3060 damnationis,
1420 2998 1449 3050 et
1465 3012 1501 3051 ne
1513 2994 1664 3050 videantur
1680 2992 1722 3049 eis
1732 2993 1834 3066 impre-

177 3087 271 3143 dicere
287 3084 442 3142 :Dominus
458 3082 576 3155 quidem
593 3081 659 3136 ideo
673 3080 979 3154 mirabilioreritquo·
1030 3081 1834 3160 cari,conquerunturdeeoruminiquitatc,quametiam

176 3177 255 3232 niam
268 3176 319 3230 has
331 3172 479 3239 elationes,
496 3186 554 3243 qua
568 3171 641 3225 hora
659 3169 791 3237 voluerit,
811 3169 931 3227 sedabit.
947 3172 981 3226 Ει
1029 3191 1082 3246 per
1112 3178 1207 3247 partes
1228 3173 1394 3230 ostendunt.
1417 3172 1616 3227 Adhortantur
1643 3171 1736 3226 etiam
1761 3171 1835 3243 ipsos

175 3280 227 3337 per
236 3264 291 3320 hoc
305 3256 737 3329 eas‚01l0mine,scdabis,quia
752 3260 900 3313 testimonio
921 3267 977 3327 tuo,
1029 3264 1122 3319 malos
1134 3263 1172 3318 ad
1181 3264 1259 3318 recte
1271 3259 1704 3330 vivendum,etintclligendum
1718 3258 1754 3314 de
1765 3259 1835 3326 beo,

173 3351 203 3407 id
219 3353 262 3406 εει
276 3349 421 3421 praecepta
439 3349 499 3409 tua,
521 3345 558 3401 ab
576 3344 713 3416 apostolis
732 3345 897 3416 predicata,
915 3364 979 3420 quaa
1030 3351 1115 3407 certis
1129 3351 1290 3407 rationibus
1305 3350 1489 3405 ostendentes
1503 3347 1641 3420 quoniam
1654 3346 1719 3420 ipse
1733 3363 1836 3404 corum

174 3438 363 3496 testificantur
378 3434 469 3489 vitam
481 3432 698 3504 complentibus
713 3448 757 3500 ea,
772 3434 847 3504 sorte
861 3444 933 3504 suat,
949 3437 980 3493 id
1029 3440 1229 3512 impietatesct
1242 3438 1377 3510 intelligit
1388 3442 1416 3492 et
1429 3437 1552 3503 ridet,et
1568 3436 1598 3491 in
1614 3436 1713 3491 tuturo
1722 3435 1835 3507 puniet,

173 3530 216 3585 est
230 3528 302 3583 liant
315 3523 370 3596 ipsi
384 3523 457 3578 mari
471 3524 551 3576 nimis
565 3520 711 3589 eredibilia,
722 3527 978 3598 quantumcunque
1029 3530 1058 3582 et
1073 3528 1230 3585 ostendunt
1246 3527 1390 3583 bonorum
1402 3524 1601 3580 tribulationes
1614 3540 1675 3580 non
1689 3522 1837 3579 adeorum

172 3617 323 3674 videantur
339 3612 365 3669 ei
391 3611 420 3666 iu
442 3610 544 3684 primis
564 3609 781 3666 abominabilia.
799 3612 832 3666 Et
854 3603 907 3684 per
924 3615 978 3671 hoc
1029 3618 1131 3673 cedere
1153 3616 1360 3688 repulsionem,
1387 3614 1438 3670 sed
1458 3613 1494 3669 ad
1520 3611 1745 3669 beatitudiuem.
1762 3612 1838 3676 Quos

171 3705 266 3782 ipsum
281 3718 361 3759 mare
377 3698 608 3767 iactum,domum
621 3704 695 3753 tuam
708 3699 804 3770 inqua
814 3700 979 3771 spiritaliter
1029 3706 1116 3761 etiam
1133 3706 1225 3762 bonos
1236 3705 1396 3761 admonent
1406 3703 1442 3758 ad
1454 3701 1550 3773 impiis
1564 3701 1836 3770 contradicendum,

172 3792 327 3855 inhabites,
342 3790 413 3846 decet
429 3786 580 3844 sanctitudo
595 3788 655 3854 tua,
672 3785 701 3862 id
714 3789 757 3840 εει
772 3786 885 3842 decebit
900 3805 978 3844 senc·
1028 3793 1067 3849 sic
1078 3798 1178 3849 tamen
1188 3797 1287 3848 utnon
1300 3790 1466 3857 insc,scdin
1476 3788 1599 3845 Domino
1609 3803 1670 3843 non
1682 3786 1837 3844 deficiendi

174 3883 258 3940 titudo
273 3898 291 3936 a
304 3883 333 3935 tc
346 3875 542 3941 danda.Quod
555 3876 598 3930 est
614 3874 709 3929 dicere
727 3890 733 3928 ε
749 3874 803 3929 Per
829 3876 884 3931 hoc
900 3877 979 3949 quod
1028 3880 1163 3935 fiduciam
1184 3880 1320 3935 habeant.
1336 3878 1371 3932 Et
1383 3879 1437 3933 hoc
1450 3879 1544 3933 totum
1562 3875 1593 3930 lit
1608 3875 1645 3931 ad
1667 3876 1836 3932 instructio·

174 3968 343 4029 testimonia
359 3969 408 4021 tua
433 3964 562 4032 credent,
582 3962 686 4018 domus
699 3963 749 4016 tua
764 3961 934 4033 efficientur,
949 3969 978 4022 ει
1028 3984 1097 4024 nem
1114 3968 1283 4034 idiotarum,
1299 3966 1427 4039 quicum
1442 3965 1559 4021 rideant
1577 3962 1740 4035 impiorum
1755 3981 1836 4037 proe-

175 4057 291 4115 decenti
298 4054 450 4110 sanctitate
457 4048 807 4106 adornabunturDomum
817 4057 890 4105 tuom
901 4051 974 4120 dico,
1026 4056 1181 4129 paritatem
1198 4059 1227 4111 et
1242 4057 1387 4110 honorum
1401 4053 1617 4120 adversitatem,
1629 4050 1834 4124 indignantur,

174 4146 282 4202 ituram
300 4158 352 4215 per
367 4139 551 4196 sanctitatem
565 4139 599 4194 in
613 4137 803 4207 longitudinem
817 4137 931 4208 dierum,
946 4140 976 4197 id
1029 4143 1199 4216 ignorantes
1214 4143 1250 4199 ad
1264 4142 1333 4216 quid
1345 4144 1406 4198 haec
1422 4159 1438 4197 a
1454 4143 1512 4197 Dec
1525 4140 1745 4212 permittantur.

176 4237 219 4292 est
232 4233 262 4289 in
278 4230 365 4286 vitam
389 4231 539 4294 aeternam,
556 4241 620 4298 quae
636 4241 688 4296 per
702 4226 864 4296 emphasim
884 4228 975 4301 longi·
1062 4232 1135 4287 Deos
1150 4232 1292 4300 ultionum,
1309 4235 1445 4304 operator
1457 4230 1589 4284 Doininus
1600 4228 1681 4284 enim
1697 4214 1835 4295 esem,

176 4322 245 4380 tudo
263 4319 377 4376 merum
397 4315 511 4382 dicitur,
526 4331 561 4370 eo
576 4313 654 4387 quod
666 4330 817 4386 nunquam
831 4315 867 4370 sit
877 4315 978 4371 flnicn·
989 4317 1016 4377 D
1026 4319 1159 4392 inquam,
1172 4321 1303 4374 ultionum
1325 4321 1462 4391 operator
1482 4317 1605 4385 iuturus,
1628 4317 1710 4372 libere
1723 4318 1795 4388 epit,
1809 4315 1838 4371 id

177 4412 223 4468 da.
240 4409 289 4464 Vel
303 4406 343 4462 sic
360 4423 366 4461 :
384 4406 521 4460 Futurum
541 4418 593 4474 per
616 4402 709 4474 ipsam
733 4402 927 4473 sanctitatem,
951 4406 979 4460 in
1029 4411 1072 4464 est
1086 4409 1252 4463 libertatem
1268 4406 1408 4479 potentiae
1423 4422 1481 4461 suae
1502 4405 1532 4460 in
1547 4404 1652 4477 impios
1678 4404 1836 4471 exercebit,

179 4495 342 4568 magitudine
357 4493 469 4549 dierum·
487 4489 638 4546 Sententia
652 4491 765 4545 eadem·
1030 4496 1133 4570 quibus
1145 4496 1291 4569 impotens
1302 4494 1424 4557 videtur,
1436 4493 1508 4548 dum
1517 4509 1583 4547 curn
1592 4492 1633 4546 eis
1641 4491 1838 4565 exspectando

421 4581 455 4635 m
471 4579 634 4636 asennaa
646 4578 735 4634 xcrn.
1031 4601 1079 4640 aas
1096 4586 1125 4640 a
1140 4583 1277 4656 patience
1291 4567 1600 4653 misericorditer'agit.
1611 4581 1650 4634 ec
1664 4580 1687 4634 ss
1703 4580 1835 4636 arcent:

213 4674 322 4730 Titulus
344 4668 526 4741 nonagesimi
552 4666 640 4723 tertii.
666 4665 739 4721 Laus
761 4667 863 4722 cortici
880 4666 979 4736 David,
1030 4673 1084 4728 Vos
1099 4671 1302 4742 impunitatem
1317 4652 1837 4740 scelerumvestrorumssnvcbis,

178 4767 275 4839 quarto
293 4759 418 4817 Sublati.
432 4755 515 4821 Quod
533 4754 574 4809 sic
593 4754 912 4827 exponiturzPsalmus
928 4756 981 4812 istc
1031 4761 1124 4817 osalsi
1140 4759 1298 4826 christiani,
1312 4758 1491 4830 promittitis,
1507 4760 1645 4812 coeterum
1662 4759 1742 4811 licus
1768 4758 1839 4812 ulci-

179 4855 222 4910 εει
235 4852 291 4907 locu
310 4848 417 4913 cantici,
438 4844 468 4900 id
486 4846 529 4898 εει
543 4843 605 4897 taus
622 4842 820 4914 jucunditatis.
838 4842 920 4908 Quod
939 4847 982 4900 εει
1031 4849 1136 4905 scendo
1152 4864 1182 4903 se
1199 4848 1234 4903 de
1245 4848 1324 4903 vobis
1337 4847 1367 4901 in
1377 4847 1485 4913 futuro,
1496 4849 1654 4901 contraros
1667 4844 1751 4900 tibere
1761 4849 1837 4918 aget,

181 4941 275 4999 dicere
291 4940 342 4994 :ln
355 4936 410 4991 hoc
424 4933 549 4989 tractatu
564 4930 728 4986 continetur
742 4931 803 4986 laus
817 4932 983 4987 cumnimia
1032 4954 1097 4992 cum
1114 4937 1168 4991 hoc
1183 4937 1279 4991 iacere
1294 4937 1397 5008 potens
1418 4935 1454 4990 sit
1469 4933 1536 5006 quia
1556 4933 1638 5001 Deus,
1656 4936 1686 4988 et
1700 4949 1773 4990 cum
1786 4936 1839 4991 hoc

178 5025 360 5103 jucunditate
373 5022 458 5077 iacta.
472 5019 541 5084 011ae
555 5019 617 5073 laus
627 5021 670 5073 0³1
683 5018 786 5086 David,
801 5019 935 5092 disignati
955 5023 983 5075 in
1032 5024 1068 5079 ad
1084 5040 1150 5079 eum
1170 5023 1323 5095 pertineat,
1331 5023 1399 5096 quia
1408 5022 1837 5093 Dominaehguntnutcmcon·

182 5121 279 5192 quarto
293 5111 415 5174 Sobboti,
429 5107 536 5164 scilicet
550 5121 613 5178 qum
628 5107 689 5161 laus
709 5110 752 5161 est
769 5106 897 5162 fidelium
917 5123 981 5178 per·
1032 5112 1135 5168 cessive
1152 5112 1304 5167 decorum
1319 5111 1439 5178 ultione,
1455 5111 1514 5165 sic:
1531 5109 1637 5175 Dico,o
1655 5109 1745 5179 Deus,
1763 5109 1838 5183 quod

180 5207 323 5264 sectorum
335 5200 366 5255 in
379 5196 508 5264 scientia,
523 5194 572 5268 qui
587 5194 765 5266 praefigurati
779 5199 846 5250 sunt
860 5212 912 5267 per
931 5214 981 5253 ne·
1032 5200 1112 5255 iibere
1125 5217 1202 5273 ages,
1219 5200 1299 5256 etsie
1316 5200 1442 5255 concedo
1456 5202 1487 5254 ut
1508 5198 1570 5265 flat,
1591 5213 1608 5252 o
1624 5196 1751 5264 Christe,
1769 5198 1838 5253 eaet-

182 5293 294 5369 gotium
312 5286 382 5343 illud
401 5284 479 5359 quod
498 5283 619 5356 contigit
639 5282 670 5338 in
691 5283 982 5355 quartaSabbati.1n
1033 5295 1101 5356 tore,
1116 5288 1145 5343 id
1161 5292 1203 5343 εει
1218 5291 1321 5359 ροιεεε
1343 5304 1461 5360 appare,
1477 5288 1533 5359 qui,
1559 5285 1691 5356 quamvis
1715 5286 1839 5342 ridearis

181 5383 286 5457 quarta
299 5371 706 5447 namqueSabbatilecitlleus
715 5371 982 5430 luminariaterram
1033 5377 1245 5449 impotens,vel
1269 5375 1421 5448 negligens
1448 5379 1574 5440 terrena,
1600 5376 1700 5427 tamen
1726 5374 1839 5446 iudicas

180 5463 457 5535 illuminantie,quae
472 5459 560 5516 ilrma
574 5461 651 5528 sunt,
662 5460 691 5514 ει
703 5474 720 5513 a
734 5459 881 5532 proposito
896 5460 982 5517 officii
1033 5464 1219 5538 dispositione
1242 5467 1293 5520 tua
1308 5471 1405 5519 terram
1428 5464 1503 5518 hanc
1517 5463 1703 5533 presentem,
1721 5465 1756 5517 ut
1771 5462 1839 5520 nihil

179 5555 223 5616 sui
236 5549 409 5617 immobilia,
421 5565 474 5621 per
492 5564 557 5622 quae
582 5547 832 5620 presignabautur
844 5549 977 5623 perfecti,
1033 5551 1063 5610 iu
1080 5570 1114 5611 ea
1128 5553 1189 5611 sine
1207 5553 1289 5624 J'ussu
1310 5556 1360 5610 aut
1378 5549 1569 5626 permissione
1583 5551 1634 5606 tua
1649 5547 1712 5610 flat.
1733 5549 1776 5608 Ει
1789 5551 1842 5609 boc
