3772 5976
57 304 110 362 us
829 298 921 360 Acus
1664 270 1714 367 iss

55 426 675 501 intersauetoserangelistas,remeamdem
684 426 902 490 diceremur-A
915 427 994 485 rium
1007 429 1093 486 nimis
1110 428 1139 485 in
1151 430 1360 503 exaggerandis
1368 429 1535 504 hujusmodi
1549 431 1719 489 differentiis

56 515 866 590 rantesmodo,quesproplereasibiinvicemcontrarios
915 518 1052 573 studium.
1069 538 1085 572 a
1105 520 1254 575 Postremo
1268 518 1405 575 Caesarius
1421 519 1492 575 nihil
1503 519 1591 575 habet
1606 521 1641 575 de
1657 524 1718 578 toto

57 623 117 662 non
132 608 227 662 solnm
244 606 350 671 dicere,
369 606 421 661 sed
442 608 471 660 et
492 605 618 677 cogitare
640 605 750 661 crimen
766 603 866 660 esset?
915 625 932 660 e
946 606 996 662 illo
1010 606 1141 664 lectionis
1155 611 1265 680 quartae
1277 607 1447 681 Vigiliarum
1463 624 1515 681 pro
1531 608 1654 664 mortuis
1668 625 1719 664 ne-

56 695 198 750 Gusarius
215 712 274 750 nen
295 694 402 762 scribit,
431 715 445 744 a
460 694 595 749 clericum
611 709 694 749 suum
719 694 866 749 hasvoees
915 695 1036 768 «gotio,
1052 697 1131 770 quod
1155 700 1220 771 pest
1233 696 1372 753 Antonini
1392 700 1506 770 tempus
1522 697 1558 752 ab
1573 713 1720 770 anonymo

56 805 72 835 e
82 783 227 850 omisime,
242 782 311 837 dum
334 785 472 838 statutum
485 783 522 837 ab
540 782 663 838 Ecclesia
676 798 727 855 pro
744 782 866 838 mortuis
916 784 1015 841 «Vitae
1031 785 1170 840 Brunonis
1183 784 1322 858 scriptore
1335 788 1490 841 tractatum
1507 789 1559 840 est.
1575 783 1654 840 »Sed
1668 802 1721 839 nec

53 893 69 922 a
83 871 218 928 officium
233 872 443 938 celebraretur3
456 871 618 927 Antoninus
628 887 695 927 vero
708 871 735 926 id
744 871 865 927 omnino
915 874 1088 930 Antonimus
1099 874 1206 947 aliquid
1214 874 1343 929 habetde
1356 877 1417 929 toto
1430 874 1478 930 illo
1487 872 1618 929 lectionis
1634 890 1720 946 quar-

54 982 70 1011 »
83 960 185 1016 scribi.
202 981 216 1010 u
230 959 297 1025 Quis
309 975 369 1015 non
386 959 510 1015 miretur
521 961 609 1015 talem
623 977 640 1015 a
653 960 791 1026 Lanuuio,
804 959 865 1015 viro
915 963 951 1018 tre
964 962 1100 1035 negoti0;
1115 979 1184 1035 ergo
1201 980 1260 1018 non
1276 961 1400 1018 differta
1415 961 1548 1018 Caesario.
1563 962 1618 1017 Nec
1633 961 1721 1018 etiam

53 1053 175 1105 sensato
190 1052 219 1104 et
238 1048 335 1116 docto,
361 1048 505 1119 objectam
520 1047 741 1104 diversitatem?
759 1048 866 1104 Verum
915 1053 1026 1106 veteres
1040 1051 1263 1118 carthusienses,
1281 1053 1312 1105 ut
1327 1050 1412 1123 hujus
1424 1049 1556 1106 lectionis
1566 1053 1676 1123 quartae
1693 1054 1722 1106 et

55 1136 608 1209 asc,neenegarepossumuscaesarium
617 1136 865 1193 manifestamnon
916 1140 1069 1195 verborum
1088 1163 1098 1191 a
1116 1140 1268 1211 Responde
1284 1139 1355 1194 mihi
1380 1138 1623 1213 »meminerunt
1647 1140 1721 1212 Ergo

56 1227 161 1282 iecime
175 1224 357 1281 mentionem
369 1224 460 1281 Officii
473 1227 667 1282 mortuorum.
683 1225 739 1282 Sed
754 1225 817 1299 quis
825 1225 867 1281 in·
917 1244 970 1283 nee
985 1227 1039 1299 ipsi
1053 1228 1174 1284 Caesario
1187 1230 1254 1283 sunt
1268 1227 1417 1284 contrarii.

56 1314 138 1370 licias
152 1313 220 1381 iret,
234 1331 301 1369 eum
316 1313 386 1369 illud
400 1313 539 1379 innuisse,
556 1314 633 1386 quod
648 1313 772 1387 scripsit,
788 1313 867 1388 quod
953 1318 1015 1372 ala.
1034 1335 1050 1360 α
1065 1317 1208 1372 Praeterea
1228 1315 1371 1372 Launoius
1386 1314 1501 1371 Caesarii
1520 1315 1723 1371 auctoritatem

57 1402 213 1458 defunctus
227 1401 274 1458 ille
287 1423 301 1453 u
313 1401 344 1458 in
354 1401 462 1457 feretro
472 1402 580 1474 positus
591 1402 867 1471 esset,mnltitudine
917 1407 1038 1460 conatur
1044 1404 1207 1477 deprimere
1219 1403 1388 1459 auctoritate
1396 1402 1586 1470 clarissimi'ae
1593 1420 1725 1459 reveren-

56 1514 70 1542 s
85 1490 190 1564 populi
214 1489 437 1546 circumsidente
454 1493 515 1545 tam
539 1505 571 1546 ar
593 1490 701 1547 clericis
720 1507 808 1563 quam
833 1508 867 1547 ex
918 1492 1027 1548 dissimi
1040 1492 1091 1549 viri
1109 1493 1216 1549 Nicolai
1233 1491 1379 1561 Goelletei,
1402 1492 1569 1548 Parisiensis
1583 1491 1723 1564 theologi,

56 1600 70 1630 s
85 1579 194 1635 laicis?
213 1601 228 1630 »
244 1579 382 1635 Caesarius
395 1579 565 1652 neutiquam
580 1578 723 1652 significat
738 1598 754 1631 u
770 1583 867 1636 utrum
917 1581 966 1654 qui
979 1581 1009 1636 iu
1022 1581 1211 1654 responsione
1226 1581 1262 1637 ad
1277 1581 1446 1654 mysterium
1470 1580 1629 1654 iniquitatis
1644 1580 1723 1648 dicit,

56 1689 70 1719 s
85 1667 210 1723 clericus
231 1666 423 1723 ecclesiastica
439 1669 585 1739 sepultura
618 1667 744 1740 privatus
770 1667 865 1734 luerit,
918 1669 1032 1725 Caesarii
1049 1670 1184 1742 Dialogos
1198 1670 1362 1725 fabularum
1378 1686 1438 1725 esse
1454 1671 1564 1743 plenos.
1582 1667 1638 1724 Sed
1659 1685 1724 1724 cum

56 1777 70 1806 r
87 1772 201 1824 neeua;
218 1754 381 1810 Antoninus
389 1772 456 1811 vero
467 1759 565 1829 aperte
576 1755 729 1828 significat.
745 1777 759 1806 »
769 1757 866 1828 Neque
881 1750 906 1810 B
918 1758 1077 1814 Coelfeteus
1087 1775 1169 1814 suam
1182 1759 1356 1814 sententiam
1366 1760 1480 1813 tantum
1490 1755 1724 1812 confirmetfion·

56 1843 85 1901 id
95 1844 189 1900 etiam
197 1843 397 1915 significarunt
405 1843 483 1899 citati
498 1844 865 1915 auctoresssarthusienses3
917 1848 979 1902 radi
991 1846 1117 1914 Gesneri,
1133 1845 1261 1901 hominis
1276 1845 1449 1918 zuingliani,
1464 1844 1585 1917 judicio,
1608 1847 1639 1899 ut
1664 1845 1724 1916 ipsc

56 1948 127 2004 ergo
137 1935 168 1988 et
179 1931 234 2006 ipsi
244 1931 465 1988 suntAntonino
475 1933 611 1989 contrarii
623 1951 630 2002 3
642 1950 712 2006 ergo
721 1938 751 1990 et
765 1950 867 1990 eorum
916 1935 1024 1991 latetur
1039 1934 1191 2001 Launeius,
1206 1934 1345 1990 cardinali
1359 1935 1458 2002 Bone,
1471 1933 1532 1990 vire
1542 1933 1679 2007 oequepio
1692 1949 1725 1988 ac

55 2021 185 2077 narratio
205 2020 316 2076 diversa
334 2022 376 2076 est
391 2020 427 2076 ab
442 2021 581 2077 Antonini
601 2021 776 2078 narratione.
800 2022 868 2087 Quis
918 2025 1013 2088 docto,
1029 2023 1124 2097 potius
1138 2021 1282 2079 eredimus
1296 2022 1346 2096 qui
1367 2021 1523 2078 Caesarium
1535 2022 1644 2088 laudat,
1659 2023 1724 2076 tan-

56 2108 268 2181 boccegitaret
290 2109 304 2164 t
330 2130 344 2160 u
366 2108 503 2165 Caesarius
526 2124 585 2165 non
611 2110 680 2166 dicit
701 2112 867 2167 Brunonam
917 2128 1004 2185 quarn
1018 2112 1048 2167 in
1058 2111 1184 2167 historiis
1195 2109 1433 2167 memorabilibus
1447 2126 1589 2166 veracem.
1601 2109 1657 2164 Nec
1668 2109 1725 2163 im-

56 2218 71 2248 s
86 2196 288 2254 carthusianae
298 2196 446 2269 religionis
455 2201 603 2254 auctorem
609 2199 781 2270 spectaculo,
790 2199 868 2273 quod
917 2200 1032 2268 merito,
1045 2217 1110 2255 eum
1121 2200 1181 2272 ipse
1192 2198 1329 2255 Caesarius
1346 2215 1377 2254 se
1391 2197 1462 2253 nibil
1476 2196 1589 2253 linxisse
1604 2196 1723 2252 sanctis-

56 2307 71 2336 »
85 2289 200 2353 narrat,
220 2284 401 2354 interfuisse;
416 2285 579 2341 Antoninus
597 2303 663 2343 vero
675 2287 743 2342 dicit
757 2289 867 2360 specta·
917 2289 989 2344 sime
1008 2289 1098 2360 juret,
1118 2288 1236 2344 dicens:
1255 2307 1270 2341 ι
1293 2286 1383 2343 Testis
1402 2286 1475 2341 mihi
1498 2289 1541 2341 est
1565 2287 1649 2354 Deus,
1668 2301 1721 2340 nec

57 2396 74 2425 s
88 2375 166 2442 culo,
178 2373 259 2447 quod
269 2373 415 2440 describit,
429 2375 594 2430 Brunonem
602 2375 869 2432 Caribusianaereli-
919 2399 929 2426 ι
950 2394 1039 2432 unum
1056 2376 1174 2449 quidem
1192 2375 1389 2448 capitulumin
1402 2376 1458 2431 hec
1473 2374 1592 2446 Dialogo
1607 2390 1654 2429 me
1668 2373 1723 2427 iln-

57 2484 72 2514 a
85 2461 184 2536 gionis
192 2464 341 2518 auctorem
351 2463 546 2518 interfuisse.»
556 2462 612 2519 Sed
621 2465 710 2519 tacuit
719 2465 867 2533 Caesarius,
918 2465 1030 2521 exisse.
1047 2483 1063 2519 »
1080 2463 1216 2521 Ceeffetei
1227 2464 1324 2537 itaque
1341 2463 1497 2519 etGesneri
1508 2461 1725 2518 auctoritatibus

57 2552 235 2625 qnialorsan
247 2551 373 2618 nescivit,
394 2553 525 2606 sanctum
532 2553 868 2609 Brunoneminterluisse
918 2551 1483 2626 praeferimusauctoritatesillustrissimi
1494 2549 1634 2616 Saussreii,
1644 2550 1723 2605 etla-

56 2642 237 2715 spectaculo;
249 2657 317 2696 nam
329 2640 440 2696 duobus
446 2642 561 2697 tantum
572 2641 656 2697 aunis
666 2645 731 2715 post
741 2641 810 2698 illud
821 2660 869 2715 pa·
918 2642 980 2698 cubi
995 2642 1109 2697 Breullii
1122 2642 1229 2715 pietate
1243 2644 1272 2696 et
1287 2638 1556 2712 doctrinainsignis,
1566 2640 1594 2693 et
1600 2637 1722 2694 aliorum

55 2731 166 2784 tratum
181 2729 213 2784 in
229 2729 410 2785 Carthusiam
425 2730 549 2786 secessit.
567 2729 626 2797 Vel,
647 2731 669 2786 si
684 2730 764 2786 seivit
776 2731 867 2787 Caesa-
918 2725 966 2803 qui
977 2730 1011 2784 de
1019 2730 1140 2786 Caesario
1148 2728 1385 2785 honorificentius
1390 2728 1602 2800 judicaverunt,
1612 2730 1642 2782 ct
1648 2743 1723 2799 prae-

56 2816 126 2881 rius‚
143 2817 238 2873 noluit
257 2820 367 2872 tamem
386 2817 491 2885 dicere,
514 2818 592 2890 qued
614 2836 631 2874 a
652 2835 703 2874 suo
720 2819 867 2892 proposito
917 2818 1016 2874 sertim
1033 2817 1129 2874 eximii
1144 2834 1232 2873 sacrae
1254 2816 1409 2888 theologiae
1433 2815 1569 2883 doctoris,
1594 2817 1623 2870 et
1639 2815 1675 2870 ad
1689 2814 1718 2870 S.

55 2905 187 2962 alienum
199 2908 283 2961 esset.
299 2905 371 2962 Nam
386 2907 566 2980 propositum
580 2907 641 2978 ejus
656 2907 816 2975 erat,raria
831 2908 867 2964 de
916 2906 1076 2961 Gereonem
1090 2904 1359 2962 Coloniae'canonici
1372 2903 1517 2959 'lilmanni
1532 2901 1722 2958 Bredembra·

56 2994 253 3050 morientibus
275 2994 407 3065 exempla
428 3011 603 3067 proponere,
625 3012 684 3050 non
707 2996 867 3052 conversio·
917 2995 983 3062 chii,
999 2994 1096 3049 multis
1112 2997 1141 3050 et
1155 2993 1281 3049 scientiae
1296 2996 1325 3048 et
1340 2992 1478 3047 virtutum
1502 2991 1591 3048 titulis
1611 2995 1721 3073 specta-

56 3098 119 3151 nes,
136 3083 195 3138 sire
211 3083 348 3138 ordinum
363 3082 558 3139 institutiones
571 3084 721 3155 explicare.
915 3082 997 3150 bilis;
1015 3083 1095 3154 cujus
1107 3082 1202 3137 studio
1224 3085 1253 3136 et
1271 3081 1369 3136 labore
1393 3079 1424 3135 in
1446 3081 1541 3135 lucem
1562 3081 1629 3135 sunt
1644 3077 1722 3134 edita

91 3172 158 3226 247.
168 3193 184 3222 a
199 3171 310 3226 Deinde
323 3171 415 3226 saneti
429 3172 572 3227 Brunonis
587 3171 733 3228 conversio
751 3189 809 3227 non
826 3171 867 3227 fa·
916 3173 1008 3226 multa
1022 3174 1151 3227 veterum
1161 3169 1335 3242 scriptorum
1352 3171 1560 3238 monumenta,
1576 3166 1719 3241 quietiam

56 3261 102 3313 cta
116 3257 208 3314 estin
223 3258 349 3331 publico,
367 3258 439 3314 sicul
454 3276 508 3315 nec
530 3262 652 3324 constat,
676 3264 772 3315 utrum
794 3259 866 3315 illud
914 3259 1155 3332 recognoscendis
1180 3258 1429 3332 expurgandisque
1453 3256 1566 3312 Caesarii
1591 3255 1721 3327 Dialogu-

54 3347 253 3420 spectaculum
267 3346 297 3403 in
311 3347 438 3416 ecclesia,
454 3349 497 3403 vel
513 3348 543 3402 in
559 3349 624 3402 aula
639 3348 765 3404 defuncti
778 3348 866 3422 (quod
914 3366 980 3405 rum
1006 3348 1084 3404 libris
1104 3349 1230 3403 multum
1255 3347 1361 3403 laboris
1384 3345 1489 3420 posuit,
1514 3345 1543 3400 in
1561 3346 1655 3400 lucem
1672 3361 1721 3399 ees

55 3437 158 3491 tamen
172 3434 524 3496 verisimiliusestlcoram
539 3436 648 3503 multis,
660 3437 867 3510 vel'paucisbo·
916 3437 1080 3504 emissurus,
1098 3437 1138 3504 ni,
1155 3453 1220 3491 cum
1233 3437 1296 3507 Jam
1312 3451 1386 3508 pene
1402 3434 1439 3491 ad
1454 3436 1561 3490 calcem
1575 3432 1719 3508 pervenis-

55 3523 335 3580 minibusevenerit.
349 3524 446 3596 Neque
460 3523 548 3580 etiam
562 3525 709 3580 conversio
726 3525 867 3581 anonis
916 3529 969 3593 set,
986 3525 1024 3580 ad
1038 3525 1164 3581 ecclesiia
1178 3525 1276 3580 luisset
1299 3526 1442 3579 evocatus.
1464 3524 1501 3578 At
1521 3539 1558 3577 ne
1580 3521 1653 3577 tanti
1669 3520 1720 3576 viri
1824 3563 1831 3569 .

55 3611 132 3668 laeta
146 3615 192 3668 est
203 3612 308 3668 eodem
319 3612 448 3679 instanti,
465 3629 522 3685 quo
535 3612 644 3668 dictum
660 3615 865 3685 spectaculum,
917 3613 965 3686 pia
979 3613 1072 3668 studia
1082 3612 1222 3685 perirent,
1239 3612 1335 3668 effecit
1349 3612 1425 3667 inter
1439 3611 1511 3667 alios
1532 3610 1653 3666 lacobus
1666 3609 1721 3664 Fis-

56 3699 106 3756 aed
120 3699 203 3756 intra
218 3699 345 3773 privates
360 3699 493 3772 parietes,
511 3703 541 3755 et
560 3700 608 3755 diu
633 3703 697 3774 post
718 3701 790 3757 illud
805 3719 868 3775 per·
917 3702 1028 3765 charus,
1044 3718 1132 3756 sacrae
1147 3699 1303 3773 theologice
1319 3700 1430 3766 doctor,
1448 3698 1509 3773 qui,
1523 3699 1600 3772 quud
1613 3697 1661 3753 ille
1676 3697 1720 3753 in·

56 3791 167 3855 actum,
181 3790 214 3843 ut
226 3790 340 3844 constat
352 3805 386 3844 ex
398 3787 492 3844 citatis
504 3789 678 3844 auctoribus.
693 3789 774 3846 Unde
789 3806 867 3845 neca
916 3793 1051 3862 eruperat,
1063 3789 1193 3862 perfecit,
1209 3791 1238 3843 et
1254 3787 1283 3842 in
1298 3805 1349 3843 sua
1365 3786 1538 3860 prelatione
1553 3785 1669 3842 Gesneri
1685 3786 1721 3841 de

58 3877 189 3944 nemina,
210 3876 259 3950 qui
274 3876 352 3932 dicto
373 3879 535 3951 spectaculo
549 3877 732 3945 interfuerat,
745 3878 868 3951 perspici
917 3879 1039 3934 Caesario
1052 3877 1229 3933 calumniam
1245 3876 1335 3948 probe
1350 3874 1495 3930 refutavit.

57 3964 164 4035 potnit.
178 3963 343 4020 Antoninus
361 3981 429 4021 vero
449 3965 479 4021 id
493 3964 573 4033 dixit,
590 3964 659 4038 quia
677 3966 716 4022 sic
729 3967 867 4038 seriptum
953 3969 1014 4022 alu.
1034 3986 1046 4019 r
1070 3965 1198 4038 Denique
1223 3965 1365 4021 Leunoius
1380 3963 1410 4019 in
1426 3962 1609 4019 conclusione
1622 3962 1722 4036 capitis

57 4050 129 4125 legit
137 4048 171 4109 c't
179 4055 331 4109 narratum
343 4053 458 4109 audivit.
476 4073 493 4108 e
505 4053 643 4109 Caesarius
655 4070 714 4110 non
730 4055 867 4132 affirmat,
917 4055 994 4111 tertii
1001 4072 1058 4110 suae
1066 4053 1274 4110 dissertationis
1284 4052 1455 4108 Saussaeium
1463 4051 1555 4107 virum
1565 4050 1721 4119 eruditum,

57 4159 75 4195 a
88 4156 125 4197 ex
139 4157 194 4198 suo
207 4142 369 4213 spectaculo
378 4142 543 4198 Brunenem
558 4141 743 4199 instituendae
753 4143 868 4215 religio·
918 4142 999 4218 quasi
1009 4142 1161 4198 ridiculum
1170 4142 1363 4215 prosequitur,
1374 4140 1488 4214 quedin
1499 4139 1613 4196 Caesarii
1623 4156 1722 4195 narra-

58 4248 76 4284 »
88 4231 135 4286 nis
144 4246 205 4286 suoe
216 4230 400 4287 occasionem
411 4230 533 4303 cepisse3
544 4231 708 4287 Antoninus
716 4247 784 4287 vere
795 4231 871 4286 altir-
917 4232 998 4287 tione
1008 4230 1201 4286 substantiam
1213 4229 1256 4285 rci
1271 4229 1307 4284 ab
1317 4230 1379 4301 ejus
1387 4227 1609 4285 circumstantiis
1620 4227 1724 4283 dixerit

58 4338 77 4374 s
90 4322 164 4375 mat.
179 4337 197 4372 ι
208 4319 275 4374 llaec
294 4319 414 4377 Leunoii
439 4318 562 4392 objectio
577 4336 636 4375 non
660 4323 703 4375 est
727 4319 839 4375 diversa
853 4335 906 4396 ap)
919 4318 1364 4392 essedistinguendam,bancque
1371 4316 1500 4373 Saussaeii
1508 4316 1722 4372 distinctionem

59 4405 252 4482 praecedenti;
263 4407 313 4462 sad
322 4406 352 4462 in
361 4406 417 4463 duo
427 4406 530 4474 divisit,
547 4407 625 4479 quod
639 4406 722 4463 simul
739 4411 768 4463 et
780 4407 870 4464 semel
920 4408 1069 4465 eontralas
1082 4424 1168 4464 omne
1176 4408 1281 4462 insulse
1289 4406 1431 4463 Launcins
1444 4408 1593 4478 retorquet
1602 4404 1723 4460 inloan-

57 4494 116 4551 dici
125 4497 252 4568 peterat,
262 4499 304 4564 nt,
316 4495 501 4569 quodselidis
508 4495 669 4551 rationibus
677 4512 736 4551 non
745 4500 869 4569 poterat,
920 4513 989 4552 nam
1000 4495 1157 4569 Papissem.
1173 4495 1230 4550 Sed
1244 4511 1310 4550 cum
1326 4494 1516 4566 profiteamur
1530 4493 1667 4564 injuriam
1680 4492 1724 4547 in-

59 4583 162 4640 multis
173 4585 277 4639 saltem
287 4584 380 4639 verbis
394 4587 549 4639 conaretur
564 4584 696 4640 obruere.
708 4584 871 4656 Huicigitur
917 4585 995 4657 J'uria
1009 4602 1067 4639 non
1079 4584 1258 4656 propulsare,
1270 4581 1384 4638 lectoris
1396 4581 1505 4654 judicio
1524 4581 1725 4655 relinquimus,

58 4671 219 4744 objectioni
230 4672 338 4727 tactum
347 4672 466 4727 estsatis
476 4689 511 4727 ex
520 4671 708 4745 responsione
719 4672 870 4743 superiori.
922 4689 993 4729 num
1008 4673 1141 4745 optitima
1156 4672 1192 4728 sit
1204 4673 1265 4727 brec
1277 4671 1441 4743 disputandi
1460 4671 1534 4727 ratio
1547 4670 1583 4725 ad
1596 4687 1726 4725 asseren-

59 4761 136 4827 Quid
149 4759 231 4815 enim
244 4760 362 4829 mirum,
373 4761 396 4816 si
405 4760 551 4826 Caesarius,
562 4760 610 4834 qui
622 4760 658 4815 de
669 4762 801 4816 Brunone
812 4763 873 4818 nul·
923 4763 991 4817 dam
1004 4762 1154 4817 veritatem
1170 4763 1198 4816 et
1208 4777 1393 4833 quoscunque
1404 4762 1546 4828 auctores,
1562 4758 1728 4814 diversimo-

59 4851 121 4906 lam
136 4849 248 4904 fecerat
271 4848 463 4917 mentionem,
488 4848 658 4904 instituendi
677 4849 786 4904 ordinis
804 4850 872 4905 Car·
924 4849 959 4906 de
974 4867 1038 4905 rem
1049 4850 1182 4905 eamdem
1192 4849 1396 4916 describentes,
1405 4848 1608 4905 conciliandos.
1622 4846 1727 4901 Verum

58 4937 746 5010 tlrnsiensisoccasionemetiamtacucritpropter
757 4938 874 4994 easdem
925 4938 1063 4994 Saussruio
1080 4938 1205 5010 imponit
1227 4937 1378 5006 launoius,
1395 4936 1494 4993 dicens
1511 4953 1577 4991 cum
1588 4935 1618 4990 in
1630 4952 1664 4990 en
1680 4950 1730 5006 po·

60 5026 204 5093 rationes,
221 5041 293 5098 quas
307 5025 436 5098 superius
450 5026 620 5098 tetigimus?
636 5050 647 5074 ι
665 5026 802 5081 Caesarius
815 5044 874 5082 non
924 5026 1011 5080 suisse
1027 5025 1069 5081 rei
1084 5026 1286 5094 substantiam,
1296 5025 1374 5098 quod
1384 5026 1521 5082 Caesarius
1534 5042 1550 5076 s
1565 5023 1729 5096 prodigium

61 5134 78 5164 a
93 5113 188 5168 tradit
198 5113 363 5185 prodigium
380 5130 462 5168 suum
476 5114 592 5170 Parisiis
603 5114 873 5185 contigisse;Anto-
926 5132 939 5165 s
953 5116 1049 5167 actum
1065 5113 1194 5185 inregno
1204 5114 1341 5182 Francius,
1358 5130 1411 5168 nec
1424 5128 1475 5168 suo
1489 5100 1622 5182 tempore
1633 5115 1729 5166 acturn

61 5223 79 5254 c
91 5201 184 5256 ninus
195 5216 262 5256 vero
271 5200 370 5257 tradit.
382 5202 469 5257 »llaec
480 5201 569 5257 etiam
581 5201 705 5274 objectio
718 5202 821 5257 eadem
833 5205 875 5257 est
925 5202 1042 5257 celerat.
1055 5220 1071 5254 »
1087 5202 1159 5257 Nam
1173 5202 1294 5258 minime
1309 5202 1378 5258 illud
1394 5200 1548 5256 Saussruius
1558 5198 1636 5253 dixit.
1651 5201 1730 5254 Pest-

63 5288 343 5362 sesecunda3quod
352 5289 431 5345 enim
441 5289 487 5344 hic
499 5289 569 5345 dicit
581 5289 733 5359 LauuoiuS,
746 5291 823 5345 idem
833 5308 877 5346 su·
926 5307 1014 5363 quam
1040 5289 1121 5346 enim
1143 5293 1235 5346 totam
1258 5289 1370 5346 Caesarii
1400 5288 1598 5344 narrationem
1622 5287 1732 5356 retulit,

64 5377 166 5452 periua
179 5377 306 5433 secunde
321 5379 385 5433 loce
402 5377 522 5445 dixerat,
538 5378 656 5457 mutatis
671 5380 875 5435 tantummode
928 5379 1008 5435 addit
1024 5396 1031 5434 ι
1047 5399 1061 5432 «
1078 5381 1143 5435 llaec
1159 5378 1352 5451 Caesariusqui
1362 5377 1553 5433 substantiam
1564 5376 1617 5444 rei,
1629 5377 1664 5432 de
1675 5394 1735 5450 qua

64 5465 215 5524 vocubulis
225 5464 613 5538 atmodoloquendi.>lmoet
625 5468 877 5541 utraqueebjeclio
929 5487 945 5521 s
962 5471 1119 5532 sermoest,
1133 5470 1265 5541 patenter
1275 5467 1496 5540 comprehendit
1506 5464 1735 5539 indescriptione

68 5556 181 5632 quinte
196 5555 322 5612 multum
334 5554 435 5613 similis
451 5558 503 5612 est.
519 5556 600 5613 Unde
614 5560 695 5630 patet
703 5556 821 5613 launoii
831 5574 881 5613 an·
930 5576 948 5611 s
960 5556 1025 5612 ista.
1043 5576 1059 5612 »
1079 5556 1124 5613 Sic
1141 5555 1228 5628 igitur
1249 5555 1347 5613 dicens
1367 5555 1530 5625 Saussaeius,
1555 5560 1657 5613 monet
1676 5555 1739 5629 qui·
