3772 5976
87 332 141 387 533

874 330 965 388 ACTA

1697 338 1749 395 534

87 470 154 509 eum
168 454 204 510 de
217 468 252 509 ea
272 453 380 509 sisionc
396 454 549 526 cogitaret,
574 458 685 527 septem
707 454 770 518 viri,
794 453 931 512 beatnsA
945 470 1058 510 eremus
1074 454 1207 527 quaedam
1223 454 1252 510 iu
1268 455 1574 524 altissimismontibns,
1587 458 1748 528 quamCar·

86 546 183 600 Bruno
200 561 265 598 cum
281 562 329 599 sex
351 544 443 611 sociis,
464 545 500 598 ad
525 544 601 599 fores
625 545 723 616 pelatii
747 544 892 599 assistunt.

86 634 154 704 Ejus
179 633 221 688 rei
244 633 379 688 meminit
399 633 442 687 vir
460 633 633 688 venerabilis
656 634 745 704 Guigo
768 634 795 689 in
819 634 892 701 Vita,

86 740 176 795 quam
195 723 318 795 scripsit,
334 723 464 794 ejusdem
486 722 563 777 beati
585 723 647 776 viri.
668 723 764 790 Adest,
788 722 892 795 inquit,

86 812 226 884 magister
239 813 346 879 Brenn,
361 812 404 865 vir
415 811 555 882 religione
570 811 745 883 scientiaque
754 810 891 877 fanutsus,

84 901 245 956 honestatis
260 903 288 954 et
308 899 455 970 gravitatis
479 916 510 953 ac
534 900 602 954 totis
623 900 796 954 maturitatis
812 899 892 971 quasi

84 989 234 1060 quoddam
245 988 442 1042 simulacrum.
452 987 581 1042 Habebat
596 990 694 1042 antem
705 987 796 1043 socios
807 1004 893 1059 supra

83 1080 264 1132 memoratos
282 1093 289 1130 :
306 1076 816 1148 querebantscrolocumeremiticae
827 1076 891 1131 vitae

83 1162 889 1236 congruum,uecdnmqucreper·craut.HaecGuigo(l82).

84 1253 158 1308 Cum
174 1269 244 1324 ergo
261 1252 426 1307 nuntiatum
448 1255 523 1306 esset
539 1253 673 1324 episcopo
690 1251 765 1306 viros
780 1254 891 1322 septem

84 1344 161 1395 stare
177 1358 237 1413 prae
253 1341 371 1405 foribus,
389 1341 437 1412 qui
453 1341 570 1412 cupiant
589 1357 653 1394 cnm
670 1340 731 1411 ipso
754 1338 889 1410 colloqui,

84 1427 238 1483 confestim
256 1445 305 1483 eos
315 1428 400 1498 jnhct
413 1428 569 1483 introduci.
581 1427 719 1499 Ingressis
734 1427 799 1494 illis,
817 1430 845 1480 et
854 1426 890 1482 ad

84 1515 173 1586 pedes
186 1516 247 1586 ejus
268 1515 415 1571 humiliter
435 1517 585 1587 prostratis
607 1517 735 1586 optatam
761 1515 891 1588 impertit

83 1588 329 1671 benedictionem,
343 1621 467 1676 cumque
485 1605 520 1659 ab
535 1622 568 1659 eo
581 1604 682 1658 elevati
698 1602 806 1674 pariter
820 1620 889 1659 con·

82 1693 235 1761 sedissent,
258 1709 373 1748 causam
390 1693 528 1748 adventus
552 1709 653 1747 corum
677 1692 831 1764 diligenter
845 1691 889 1746 in·

944 544 1067 598 thusiam
1085 547 1196 599 vocant.
1211 546 1314 616 hmpla
1327 545 1376 600 illa
1390 544 1750 616 quislem,sedprorsusin·

943 633 1029 700 culta,
1041 636 1126 704 atque
1143 651 1159 687 a
1177 633 1294 688 nemine
1310 634 1448 698 habitata,
1470 634 1536 688 solis
1557 632 1626 687 feris
1641 633 1748 703 pervia,

942 720 1109 775 hominihus
1124 725 1232 777 verost
1248 723 1357 777 caeteris
1371 722 1534 777 domesticis
1554 711 1751 776 animantibus

943 812 1061 879 propter
1071 810 1125 865 loci
1133 811 1318 881 asperitatem
1325 826 1399 882 pene
1407 811 1552 882 incognita
1563 809 1748 867 etinaccessa.

942 899 1020 952 Altus
1036 903 1064 953 ει
1080 904 1218 971 tunquam
1234 899 1339 954 excisas
1349 899 1416 955 hinc
1432 900 1498 954 inde
1512 916 1597 973 rupes
1607 901 1636 954 et
1648 913 1749 968 scopu·

942 988 995 1054 los,
1023 988 1197 1060 arboresque
1227 989 1368 1043 silvestres
1394 991 1424 1042 et
1447 988 1633 1059 infrugiferas
1650 987 1748 1053 habet,

942 1079 1041 1147 estque
1055 1076 1272 1148 supramodum
1288 1075 1404 1147 frigida,
1416 1079 1445 1130 et
1459 1092 1568 1146 magna
1585 1075 1654 1130 anni
1667 1077 1750 1147 parte

942 1163 1053 1220 nivibus
1068 1168 1179 1235 operta.
1196 1165 1267 1219 'funs
1294 1181 1409 1236 quoque
1431 1165 1502 1220 adeo
1519 1168 1675 1236 praerupta,
1691 1167 1748 1218 ste·

942 1252 999 1307 ritis
1013 1255 1041 1306 et
1056 1252 1234 1308 infructuosa
1255 1257 1307 1319 εει,
1327 1257 1357 1307 nt
1383 1252 1454 1307 nihil
1473 1254 1502 1308 in
1524 1270 1558 1308 ea
1585 1269 1677 1325 neque
1692 1251 1748 1307 seri

941 1357 1036 1412 neque
1049 1341 1118 1395 meti
1135 1342 1232 1414 possit.
1249 1342 1292 1396 Ad
1309 1357 1373 1395 eam
1391 1357 1458 1397 vero
1474 1342 1563 1396 etiam
1578 1358 1705 1396 accessus
1720 1343 1749 1395 ει

940 1429 1034 1484 aditus
1049 1429 1172 1483 difficilis
1179 1432 1208 1483 et
1222 1430 1397 1502 periculosus
1408 1433 1450 1485 est
1460 1433 1579 1501 propter
1594 1429 1663 1484 duas
1673 1445 1748 1501 prae·

939 1519 1027 1572 celsas
1042 1535 1138 1589 rupes,
1160 1533 1234 1589 qun,
1261 1536 1326 1572 cum
1354 1518 1461 1573 directe
1481 1518 1509 1572 in
1535 1517 1658 1572 sublime
1686 1533 1747 1572 sese

939 1607 1142 1678 subrigantur
1159 1607 1220 1678 ipso
1235 1608 1340 1662 vertice
1356 1607 1571 1678 propemodum
1587 1608 1746 1661 coalescere

940 1695 1082 1761 videntur,
1107 1696 1147 1749 ita
1169 1700 1199 1750 ut
1219 1696 1432 1750 introeuntibus
1454 1698 1483 1749 et
1508 1695 1620 1749 horrori
1641 1695 1698 1750 siut
1718 1697 1747 1749 et

82 1780 181 1854 quirit.
202 1781 323 1837 Sanctus
344 1783 450 1848 Bruno,
470 1781 538 1853 quid
566 1781 680 1835 Parisiis
703 1780 838 1835 vidissent
862 1769 925 1834 etB
939 1785 1053 1838 terrori.
1071 1785 1100 1838 ln
1118 1785 1178 1853 ejus
1191 1784 1288 1837 medio
1304 1783 1435 1838 fluviolus
1448 1786 1500 1849 est,
1517 1783 1577 1853 qui,
1592 1783 1744 1837 ermonti·

81 1870 239 1937 audissent,
253 1874 282 1925 et
301 1870 549 1941 quemadmodum
567 1869 619 1940 ipsi
641 1869 718 1924 iuter
732 1886 762 1923 se
782 1869 817 1923 de
833 1868 890 1923 vita
940 1873 993 1927 bns
1006 1872 1061 1926 illis
1076 1873 1221 1939 collectus,
1251 1888 1316 1926 cnm
1338 1872 1450 1942 ingenti
1476 1887 1627 1925 murmure
1655 1870 1745 1925 instar

81 1959 211 2013 solitaria
229 1959 449 2029 complectenda
472 1961 569 2012 sancte
594 1957 816 2029 conspirassent,
843 1973 889 2011 ox·
940 1961 1113 2015 torrentium
1129 1965 1178 2014 aut
1193 1977 1334 2032 aquarum
1355 1960 1558 2015 inundantium
1571 1959 1706 2014 decurrit.

81 2047 176 2119 ponit,
190 2051 219 2102 ει
238 2048 332 2101 locum
350 2046 528 2117 paenitentia
547 2049 648 2118 aptum
676 2045 749 2116 petit
771 2045 807 2100 ab
829 2045 888 2116 epi·
977 2053 1019 2105 tr.
1041 2051 1074 2104 Et
1097 2053 1127 2103 nt
1146 2050 1237 2104 multa
1261 2049 1358 2121 paucis
1382 2048 1639 2119 comprehendam,
1663 2049 1745 2101 tanta

80 2152 178 2207 scopo.
268 2142 273 2150 “
940 2140 982 2191 εει
995 2139 1055 2209 ojus
1073 2138 1163 2194 eremi
1179 2138 1316 2209 asperitas
1328 2139 1356 2191 ct
1369 2138 1473 2192 horror
1485 2139 1590 2201 tantus,
1606 2138 1638 2189 ut
1651 2150 1744 2188 carce·

118 2227 161 2279 ts.
179 2226 215 2280 ht
231 2224 343 2295 illeprau
357 2224 397 2278 rei
410 2224 535 2279 novitate
549 2223 675 2294 primum
696 2222 888 2294 obstupescit;
939 2225 978 2280 ris
993 2227 1140 2297 cujusdam
1167 2227 1270 2298 potins,
1298 2241 1385 2298 quam
1405 2225 1540 2279 humanae
1557 2221 1744 2277 habitationis

81 2314 236 2368 sedtameu
247 2317 378 2367 accurate
393 2313 594 2384 contemplans
607 2329 708 2367 eorum
726 2311 888 2366 conversio·
940 2330 1048 2369 nomen
1061 2319 1208 2370 mereatur
1221 2333 1228 2383 ·,
1243 2331 1295 2369 uec
1308 2313 1391 2368 facile
1404 2330 1473 2367 sane
1484 2313 1606 2379 videtur,
1621 2313 1652 2365 nt
1666 2310 1742 2382 qnis-

82 2419 161 2468 nem,
172 2402 262 2456 animi
274 2401 477 2468 constantiam,
494 2401 576 2456 ardui
590 2399 739 2471 propositi,
758 2399 888 2471 pluribus
939 2421 1025 2475 qnam
1040 2404 1096 2458 illie
1109 2404 1216 2475 absque
1227 2403 1365 2473 singulari
1376 2402 1424 2456 llei
1435 2400 1621 2473 praepotentis
1632 2397 1742 2453 benefr-

80 2490 255 2563 qnandoqne
267 2489 423 2561 profuturi,
439 2493 467 2543 et
481 2488 581 2543 visioni
593 2504 650 2541 suae
665 2486 887 2555 accommodati,
939 2493 982 2548 cio
997 2493 1138 2560 hahitare,
1154 2495 1203 2545 aut
1215 2495 1292 2545 certe
1309 2491 1356 2546 din
1376 2491 1532 2562 perdurare
1554 2491 1641 2560 queat
1655 2487 1741 2555 (taut.

80 2596 220 2651 maguam
235 2579 398 2644 utilitatem,
410 2595 475 2632 cunr
486 2577 595 2649 ingenti
606 2576 711 2648 gaudio
722 2593 771 2631 eos
781 2575 889 2648 ample-
938 2580 1030 2636 Nostis
1045 2585 1141 2635 autem
1160 2580 1285 2652 vosipsi,
1303 2579 1406 2634 fratres
1421 2577 1489 2644 mei,
1507 2593 1594 2649 quam
1615 2579 1697 2645 turpe
1713 2576 1743 2628 et

78 2672 172 2735 ratur,
189 2672 218 2723 et
233 2685 291 2723 non
308 2667 395 2722 modo
409 2666 542 2734 libenter,
559 2666 608 2721 sed
622 2665 709 2720 etiam
723 2667 889 2719 reverenter
937 2670 1110 2742 probrosum
1121 2669 1166 2733 sit,
1176 2671 1240 2741 post
1250 2668 1366 2722 missam
1384 2683 1502 2721 monum
1516 2665 1552 2719 ad
1563 2667 1743 2719 aratrumre-

79 2757 270 2829 excipitittos,
301 2760 330 2811 ει
358 2759 464 2810 tractat
491 2758 677 2826 peramanter
698 2771 729 2808 ac
750 2753 886 2825 henigne.
937 2759 982 2813 tro
999 2759 1135 2830 aspicere.
1152 2758 1244 2812 Nostis
1267 2773 1385 2812 uxorem
1403 2756 1464 2823 Lot,
1486 2754 1534 2809 nbi
1552 2751 1685 2824 respexit,
1701 2750 1740 2805 ibi

79 2847 181 2902 Dititw
191 2862 306 2918 qu⁰tlt¹⁰
319 2844 427 2916 Spiritu
442 2861 509 2899 eum
524 2844 655 2909 d000⁰l02
671 2841 806 2914 inlelligit
824 2841 887 2910 jam
937 2847 1105 2914 constitisse,
1120 2850 1148 2901 ct
1170 2847 1198 2901 in
1212 2847 1277 2901 salis
1292 2851 1417 2901 statuam
1437 2859 1603 2899 conversam
1622 2856 1692 2907 esse,
1709 2842 1741 2893 nt

79 2934 230 2999 Vistffltetss,
244 2934 341 3006 eisque
365 2936 455 2988 l⁰lssm
477 2934 698 2993 θθιιιῐῐιθῐῐιθιιιῑ,
722 2931 886 3000 locumque,
937 2952 987 2990 sno
1002 2936 1158 3007 prudentes
1172 2935 1303 2990 condiret
1317 2934 1459 3005 exemplo.
1481 2933 1545 2986 Haec
1560 2932 1588 2984 et
1603 2929 1739 3001 pleraque

79 3040 166 3095 quem
175 3024 353 3094 expeterent,
370 3021 424 3076 sibi
434 3022 496 3092 jam
511 3019 645 3075 divinitus
655 3019 886 3073 demonstratum
903 3023 992 3111 Catia
1005 3041 1070 3078 eum
1087 3024 1201 3079 dixisset
1211 3023 1258 3076 itte
1268 3022 1448 3076 beatissimus
1458 3019 1586 3104 antistes,
1601 3017 1629 3071 S.
1642 3017 1737 3069 Bruno

78 3111 156 3167 dicit.
173 3111 291 3182 Septem
311 3110 391 3165 enim
405 3110 489 3177 viros,
510 3113 627 3163 terrena
641 3112 819 3179 respuentes,
836 3105 886 3159 de·
937 3112 1106 3183 respondit:
1125 3113 1233 3166 Revera
1254 3110 1388 3165 terribilis
1411 3111 1454 3162 est
1481 3108 1558 3161 lucus
1579 3105 1641 3170 iste,
1662 3117 1739 3156 reve-

77 3203 154 3254 serta
168 3201 231 3254 loca
245 3198 435 3270 inquirentes,
451 3201 480 3252 et
495 3213 547 3268 pro
563 3197 719 3251 coelestium
732 3195 884 3262 desiderio,
935 3201 1104 3255 rendissime
1125 3203 1216 3273 pater,
1238 3202 1267 3253 ct
1285 3201 1380 3272 posset
1399 3213 1448 3252 suo
1477 3195 1531 3250 ista
1554 3191 1737 3248 immanitate

77 3286 171 3342 studio
188 3304 220 3343 at·-
233 3303 347 3357 amore,
364 3287 454 3341 instar
473 3285 621 3340 Stellarum
644 3284 795 3348 micantes,
814 3282 885 3337 nihil
936 3289 1095 3344 absterrere
1119 3306 1181 3355 1103,
1201 3289 1223 3343 si
1242 3305 1295 3343 1105
1308 3287 1364 3341 huc
1379 3285 1434 3341 alio
1459 3285 1557 3340 animo
1577 3279 1738 3336 accessisse.

77 3375 245 3448 ambigebat
261 3376 325 3439 illis,
335 3392 405 3447 quas
420 3373 636 3438 viderat,stellis
646 3389 706 3427 esse
721 3371 885 3440 designatos
934 3395 1008 3444 mus,
1025 3395 1114 3450 quam
1130 3380 1161 3431 ut
1175 3376 1239 3432 tatis
1254 3374 1337 3431 n0bis
1352 3375 1435 3429 detur
1449 3373 1537 3438 locus,
1553 3366 1739 3426 omniachri-

76 3466 161 3536 (1⁸35.
176 3467 274 3536 ltaque
284 3466 382 3519 volens
393 3480 442 3518 eos
454 3461 563 3517 hortari
578 3462 614 3516 ad
630 3459 883 3533 perseverantiam,

76 3570 141 3626 qua·
157 3554 217 3608 sola
230 3552 342 3607 obtinet
358 3555 474 3606 aeternae
490 3549 588 3605 solutis
601 3548 792 3620 amplissimas
802 3564 884 3601 coro·

76 3658 139 3709 nas,
152 3658 186 3695 ex
202 3641 330 3712 apostolo
347 3641 434 3695 Panlo
455 3641 550 3694 locum
576 3638 656 3692 illnm
687 3635 816 3708 protulit,
836 3634 883 3691 ubi

74 3730 115 3785 sic
130 3729 169 3784 ait
185 3746 191 3783 :
209 3753 222 3777 «
240 3728 347 3793 Sancti,
361 3728 463 3799 quihus
474 3727 578 3798 diguus
594 3743 652 3780 nou
669 3727 730 3778 erat
746 3723 881 3788 mundus,

75 3820 205 3889 egentes,
224 3817 389 3888 angustiati,
406 3815 503 3869 afflicti
519 3814 691 3868 circuierunt
711 3812 739 3866 iu
759 3811 881 3877 incitetis,

74 3906 105 3960 in
119 3906 241 3978 pellibus
264 3905 398 3975 caprinis,
423 3904 451 3957 in
476 3902 678 3957 solitudinibus
695 3898 882 3966 cr1¹autes,in

77 3995 259 4049 montibnsct
271 3993 423 4065 speluncis,
436 3996 465 4047 ει
477 3992 505 4045 in
522 3990 650 4045 cauernis
667 3995 749 4044 terroe
763 3988 848 4058 (lan.
868 4008 881 4033 υ

77 4083 185 4138 Horum
201 4083 342 4152 exempla,
357 4081 461 4152 inquit,
477 4080 568 4151 sequi,
584 4082 613 4132 ct
630 4079 659 4133 in
677 4093 778 4132 eorum
799 4074 881 4130 vesti-

76 4171 132 4243 giis
144 4171 285 4238 insistere,
307 4170 451 4224 laudabile
474 4172 502 4223 ct
518 4169 600 4223 valde
614 4169 737 4221 salutare
759 4169 810 4232 est,
832 4164 882 4218 sed

934 3465 969 3518 sti
992 3483 1092 3521 amore
1110 3467 1239 3537 perferre
1263 3463 1452 3537 cupientibus.
1477 3463 1510 3517 Et
1529 3461 1596 3515 lieet
1621 3457 1738 3530 fragiles

935 3571 987 3609 nos
1002 3555 1092 3610 simus
1109 3560 1138 3610 et
1154 3554 1262 3609 infirmi
1280 3570 1360 3619 sane,
1383 3555 1512 3607 attamen
1536 3549 1632 3604 divina
1668 3545 1733 3601 freti

933 3643 1141 3711 misericordia,
1158 3660 1215 3714 qna
1230 3659 1282 3697 nos
1297 3642 1418 3695 nitimur
1429 3642 1458 3694 ct
1474 3656 1532 3694 non
1546 3636 1652 3692 viribus
1669 3650 1735 3689 uos·

934 3733 994 3798 tris,
1010 3733 1095 3803 plane
1112 3731 1194 3786 nohis
1207 3730 1421 3803 persuademus,
1437 3727 1485 3799 qui
1507 3725 1589 3781 nobis
1603 3721 1737 3796 praestitit

932 3822 987 3874 huc
1009 3819 1143 3873 veniendi
1165 3818 1295 3872 animum
1318 3821 1347 3871 et
1368 3818 1533 3887 promptam
1557 3812 1734 3867 voluntatem

933 3926 999 3963 cum
1016 3923 1130 3980 quoqne
1144 3905 1344 3979 perseverandi
1357 3904 1491 3958 daturum
1503 3902 1679 3956 facultatem.

970 4001 1012 4051 ιιι.
1028 3998 1120 4060 Quam
1131 3997 1167 4049 oh
1183 4012 1245 4050 rem
1260 3993 1408 4048 humiliter
1419 3995 1447 4046 et
1458 3991 1560 4046 obnixe
1570 4005 1733 4062 precamur,

932 4104 969 4141 no
983 4089 1113 4141 nostrum
1127 4084 1242 4138 differas
1256 4081 1440 4147 desiderium,
1457 4096 1550 4152 neque
1571 4095 1623 4134 uos
1637 4078 1668 4132 in
1680 4078 1734 4132 hac

930 4174 1071 4247 petitione
1087 4177 1184 4228 nostra
1199 4170 1315 4244 patiaris
1339 4169 1414 4224 ferre
1436 4169 1590 4240 repulsam.
1607 4166 1734 4221 Cernens

73 4259 189 4315 difficile
205 4263 293 4327 certe,
310 4259 339 4313 in
354 4258 399 4313 his
412 4257 573 4331 praesertim
585 4256 750 4327 regionibus
759 4254 880 4326 frigidis,
931 4280 999 4319 vero
1014 4262 1115 4317 beatus
1130 4260 1248 4314 antistes
1263 4256 1614 4323 eorumconsta1ltjam‚et
1627 4254 1732 4310 immo.

71 4365 136 4421 ‘11¹oe
152 4365 212 4403 ¹¹⁰ss
225 4350 292 4402 sunl
308 4347 347 4401 Uli
366 4347 502 4417 AEgyptus
518 4348 547 4399 el
566 4343 717 4399 pfllffiiifssst
740 4344 824 4415 (¹⁸5l·
891 4330 992 4407 Dtum
1003 4349 1201 4422 perseverandi
1214 4347 1403 4421 propositum,
1419 4346 1459 4400 ita
1476 4345 1515 4399 ait
1527 4345 1562 4399 ad
1574 4341 1735 4415 eoszliqni·

112 4437 250 4493 l6.Vobis
274 4439 372 4491 autem
394 4436 471 4490 locus
495 4434 629 4490 divinitus
652 4433 810 4503 assignatus
837 4434 879 4487 est

106 4636 185 4706 (182)
198 4632 340 4689 Nimirum
354 4649 424 4689 num
443 4636 471 4687 ιι
490 4631 520 4687 in
535 4630 622 4686 citata
636 4631 683 4685 hic
706 4646 773 4685 mox
793 4647 810 4684 a
830 4628 880 4685 Su·

68 4725 115 4780 rio
141 4723 170 4778 S.
195 4723 333 4794 llngonis,
354 4721 612 4794 Gratianopotitani
641 4718 776 4792 episcopi,
805 4718 878 4786 Vita,

69 4817 154 4869 torno
170 4815 180 4866 t
195 4811 300 4883 Aprilis
316 4811 390 4883 apud
408 4827 461 4865 nos
476 4809 562 4877 edita,
580 4826 679 4882 qnam,
690 4809 811 4879 jubente
832 4809 878 4861 ln-

73 4900 211 4958 nocentio
227 4901 250 4954 ll
265 4916 351 4973 papa,
371 4896 548 4971 conscripsit.
573 4896 627 4952 udi
652 4895 750 4965 etiam,
773 4912 836 4968 quse
849 4895 880 4950 in

73 4989 270 5061 antiquiorem
287 4987 316 5042 S.
333 4988 474 5043 Brunonis
488 4987 582 5041 Vitam
604 4986 639 5040 ad
660 4988 720 5040 not.
739 4988 755 5040 9
772 4982 879 5040 notavi.

109 5081 186 5149 (toa)
207 5078 263 5132 Etsi
283 5079 420 5150 pleraque
440 5077 582 5132 Brunonis
606 5077 723 5147 ejusque
738 5074 881 5129 sociorum

73 5184 140 5223 cnm
157 5166 186 5222 S.
204 5168 335 5239 lingone,
356 5165 622 5236 Gratianopotitauo
643 5163 787 5235 episcopo,
812 5180 881 5217 cou-

73 5273 189 5328 gressns
205 5256 351 5325 adjuncta,
368 5270 432 5327 qnae
449 5254 495 5308 hic
512 5252 609 5307 Surius
630 5268 644 5306 e
667 5253 883 5306 Btomcnvcnna

75 5348 105 5400 et
119 5345 247 5398 Puteano
263 5343 362 5409 refert,
376 5358 444 5396 voro
456 5341 625 5412 neutiquam
639 5341 798 5411 appareant
811 5338 882 5392 absi·

77 5431 170 5499 milia,
188 5432 266 5486 nullo
281 5434 380 5485 tamen
396 5428 576 5501 antiquitatis
592 5427 757 5482 testimonio
773 5429 884 5500 queunt

78 5519 199 5575 firmari.
216 5520 308 5592 Atque
324 5520 378 5574 hoc
399 5517 517 5592 quidem
533 5515 707 5573 nominatim
722 5517 817 5571 locum
835 5515 885 5570 ob·

930 4439 1199 4497 dcmsanctnmhoc
1217 4436 1389 4491 desiderium
1403 4432 1732 4502 vestrum,dilectissimi‚

930 4709 1067 4764 damnato
1083 4722 1259 4763 sermonem.
1271 4704 1324 4761 Adi
1334 4703 1582 4761 commentarium
1594 4702 1733 4774 pravium

929 4815 1011 4853 num.
1027 4799 1089 4853 430.

965 4889 1038 4956 (ιιι-ι)
1050 4888 1093 4942 Ad
1110 4886 1245 4942 tlebraeos
1256 4903 1294 4954 n,
1311 4887 1354 4941 38.

967 4978 1038 5044 (185)
1055 4978 1086 5030 lu
1103 4975 1233 5047 pluribus
1248 4974 1316 5031 olim
1329 4972 1478 5046 AEgypliet
1493 4970 1733 5040 Palaestinasque}

932 5067 1065 5138 regiones
1079 5064 1225 5132 calidiore,
1245 5080 1342 5136 qnam,
1362 5078 1425 5133 quus
1447 5057 1642 5129 Gratianopoli
1658 5057 1735 5128 adja-

932 5158 1007 5219 cent,
1025 5153 1099 5208 acris
1115 5153 1256 5224 temperie
1271 5150 1408 5223 gaudent,
1421 5147 1620 5204 solitudinibus
1633 5147 1735 5216 ingens

932 5244 1174 5299 anachoretarum
1188 5240 1343 5295 multitudo
1358 5238 1412 5293 fuit
1427 5238 1547 5303 versata,
1569 5235 1609 5290 nti
1624 5235 1654 5290 in
1667 5234 1736 5289 Vitis

933 5335 1050 5388 Petrum
1065 5331 1143 5403 apud
1158 5329 1346 5402 Rosweydnnr
1359 5326 1455 5382 videre
1471 5326 1546 5381 licet.

970 5423 1044 5494 (iso)
1065 5421 1207 5477 Prolixam
1227 5417 1317 5473 eremi
1340 5415 1495 5471 Carthasim
1514 5414 1738 5486 descriptionem

934 5530 968 5568 ex
982 5510 1150 5568 Innocentio
1164 5510 1294 5564 hessone
1305 5506 1406 5562 lectori
1420 5504 1533 5562 exhibui
1545 5504 1574 5559 in
1586 5505 1739 5561 Commen-

81 5607 158 5666 tiuet
174 5612 317 5683 quamnm
336 5608 374 5668 ad
385 5608 496 5665 factum
519 5622 536 5664 a
555 5606 691 5662 Brnu'one
712 5605 748 5662 dc
774 5605 893 5663 doctore
934 5594 1007 5660 tario
1016 5598 1124 5674 precio
1139 5612 1220 5654 num.
1235 5597 1287 5653 ln
1301 5597 1330 5652 et
1340 5594 1416 5654 binis
1429 5610 1511 5671 seqq.
1538 5630 1540 5634 ι
