3772 5976
127 228 193 303 uss
603 224 784 301 errorum
803 224 837 299 iu
858 227 1024 300 manuos.
1040 274 1075 288 -
1090 242 1189 304 assu.
1210 238 1311 305 crunt
1708 253 1783 325 osso

129 364 217 422 tornai
232 362 355 420 materia
369 358 523 431 formatur,
540 365 573 418 ut
588 377 620 418 ex
637 362 706 420 limo
722 366 807 425 terrra
834 379 938 435 corpus
946 368 973 428 Α
986 379 1051 421 cum
1062 365 1138 423 dicit.
1152 365 1281 439 Capitoni,
1297 368 1422 441 Domine,
1433 371 1487 430 etc.
1501 368 1604 433 Versus
1621 378 1719 439 autem
1733 386 1783 456 qni

127 456 196 510 Adra
213 455 371 510 formatum
383 457 435 508 cst.
443 453 544 509 Utrum
559 456 657 508 autem
668 454 767 509 anima
780 454 824 507 rel
839 452 934 525 angeli
984 453 1062 511 bunc
1072 457 1200 529 sequitur
1213 458 1252 513 sic
1267 465 1471 533 praeposterate
1483 464 1605 537 legitur:
1621 468 1715 540 Orati,
1726 475 1782 531 Do·

129 561 162 598 ex
179 543 276 615 aliqua
292 542 414 598 matoria
428 543 546 598 formati
566 543 683 608 ineunt,
705 542 848 597 incertum
873 559 932 598 esse
983 543 1073 607 ruine,
1089 549 1120 599 ut
1135 545 1185 600 des
1199 546 1271 602 rnibi
1286 547 1464 605 intellectum
1484 569 1519 608 ca
1539 557 1780 630 consideratione,

128 632 229 687 beatus
247 632 421 702 Augustinus
446 631 555 687 asserit.
578 629 660 695 Quod
680 631 749 686 dicit
769 647 864 687 mansu
879 638 932 686 tna
980 631 1088 687 scilicet
1098 633 1148 701 fiat
1162 634 1233 689 milri
1246 637 1425 692 misericordia
1441 646 1487 693 tua
1501 641 1602 698 efficax
1627 645 1734 705 adbuc
1751 655 1782 704 ut

120 720 325 790 plasmaverunt
340 738 390 786 rna,
405 737 463 774 non
480 722 523 774 est
538 719 649 774 occasio
670 721 810 791 quantum
836 720 872 775 ad
896 719 928 774 il·
980 721 1127 774 consoletur
1140 739 1189 776 me.
1208 723 1290 787 Quod
1306 728 1347 780 est
1362 725 1458 780 dicere
1473 744 1480 782 :
1494 728 1648 788 Consolare
1675 752 1723 793 mo
1747 754 1782 793 ax

124 810 183 863 lam
204 809 368 865 orationem
385 825 448 881 quae
465 826 531 865 mox
547 810 685 880 sequitur,
700 825 766 864 cum
781 808 850 863 dicit
865 825 871 862 :
885 807 929 862 Da
980 807 1185 878 misericordia,
1196 811 1292 868 dando
1304 812 1375 868 mihi
1387 813 1547 872 intellectus
1561 820 1779 893 sublimitatem,

124 899 193 952 milti
209 897 382 963 inret'eunm,
406 897 456 952 sed
481 900 622 969 quantum
652 896 689 951 ad
713 897 768 952 boc
795 896 873 967 quod
899 896 928 950 in
978 912 1066 967 quarn
1082 912 1134 968 per
1148 899 1240 953 Adam
1256 899 1350 968 amisi,
1366 917 1430 973 quae
1445 904 1568 973 reddita,
1585 923 1693 980 magna
1707 912 1780 968 mihi

124 987 312 1057 sequentibus
328 987 455 1056 ponitur,
472 986 520 1040 ubi
537 985 628 1040 dicit:
649 985 764 1039 Veniant
787 986 856 1038 ntibi
877 987 928 1038 mi·
978 983 1210 1041 eritconsolatio.
1222 985 1387 1057 consoletur,
1398 989 1528 1062 inquam,
1539 1011 1586 1050 me
1597 999 1780 1058 misericordia

123 1076 264 1128 rorationes
277 1080 347 1138 titas
365 1074 414 1128 sed
434 1074 512 1145 quod
533 1072 601 1129 dicit
617 1088 713 1128 monus
734 1080 786 1126 tua
808 1072 928 1141 secarunt
979 1077 1035 1141 tua,
1046 1077 1074 1128 et
1090 1074 1143 1128 hoc
1160 1092 1219 1130 non
1238 1092 1271 1130 cx
1285 1077 1396 1132 meritis
1411 1080 1483 1135 meis
1498 1097 1560 1151 oro,
1572 1083 1781 1150 sedeansotatur

124 1168 319 1235 me‚quantum
334 1162 371 1217 ad
386 1163 515 1217 eitimam
529 1163 603 1216 isene
618 1162 654 1216 ad
664 1160 739 1216 liene
753 1164 927 1231 praesentem
977 1177 1018 1215 ma
1031 1163 1171 1217 secundum
1184 1163 1320 1236 eloquium
1331 1174 1417 1233 turem,
1431 1167 1460 1223 id
1476 1173 1519 1224 est
1538 1173 1696 1232 secuudum
1711 1193 1778 1249 pro-

125 1251 289 1306 orntionem
305 1252 416 1306 occasio
432 1250 572 1314 cst.0uod
582 1266 648 1305 reru
662 1250 768 1305 dicitsa
783 1252 811 1304 in
828 1252 927 1304 aninrn
977 1250 1097 1304 missum
1110 1255 1190 1307 tuum
1200 1253 1306 1308 lactum
1322 1272 1396 1308 seruo
1408 1256 1640 1332 tuoCln·isto,qui
1658 1263 1709 1319 tibi
1726 1266 1780 1322 fuit

126 1340 260 1394 manibus
275 1339 390 1395 Domini
408 1340 527 1406 iactum,
544 1355 602 1394 non
614 1339 681 1394 ideo
697 1338 766 1393 dicit
783 1339 859 1410 quod
874 1338 925 1393 nli·
977 1336 1007 1391 in
1018 1339 1153 1394 omnibus
1164 1341 1434 1413 olscdieusll‘leiIm,
1451 1346 1487 1415 8).
1501 1345 1583 1411 Quod
1599 1352 1642 1404 est
1655 1351 1750 1410 dicere
1766 1371 1773 1410 :

125 1428 204 1501 quod
218 1429 357 1485 Dominus
372 1428 401 1482 in
417 1427 519 1483 mundi
535 1427 681 1482 creatione
701 1428 837 1482 manibus
851 1428 925 1482 iaco·
976 1426 1184 1483 Consolarcme
1195 1429 1509 1505 misericorditer,quod
1519 1436 1630 1494 Christo
1642 1439 1711 1496 Filio
1728 1445 1776 1501 tuo

123 1516 172 1571 rit.
188 1516 395 1589 Solonemque
410 1517 565 1571 voluntatis
579 1516 701 1587 imperio
722 1519 824 1570 cuncta
847 1532 925 1570 crea·
963 1515 1131 1585 'proraisisti
1146 1521 1288 1588 quatenus
1303 1534 1355 1589 per
1372 1521 1569 1579 obedientiam
1585 1526 1686 1583 mortis
1705 1530 1776 1600 ejus,

123 1604 172 1673 vit,
188 1605 238 1660 sed
253 1604 466 1660 asimilitudinc
481 1603 588 1659 dictum
606 1607 657 1659 cst.
671 1603 741 1658 Cum
755 1604 833 1658 enim
849 1603 925 1674 apud
976 1603 1107 1659 ssdetibus
1122 1605 1179 1659 tuis
1197 1607 1426 1664 corisolationcm
1449 1626 1525 1665 esses
1546 1612 1692 1670 allaturus.
1709 1618 1776 1675 Ideo

122 1693 256 1750 homines
270 1695 318 1749 illa
332 1710 420 1765 opera
434 1710 498 1766 quas
512 1710 619 1765 magna
632 1696 660 1747 et
674 1693 764 1764 digna
778 1696 854 1759 sunt,
867 1708 925 1747 am·
936 1682 962 1742 B
975 1708 1041 1748 uero
1061 1708 1112 1748 oro
1127 1710 1160 1748 ex
1175 1693 1373 1750 misericordia
1398 1699 1426 1750 et
1450 1713 1484 1752 ex
1511 1700 1704 1770 promissione
1730 1709 1777 1763 lua

123 1782 214 1837 bobus
224 1783 359 1837 manibus
370 1781 622 1848 solcanltieri,non
635 1797 691 1835 una
701 1784 923 1849 manutentum,
976 1781 1217 1849 corisolationem,
1234 1782 1303 1854 quia
1316 1786 1437 1853 capnoci,
1452 1785 1577 1855 Dormne,
1592 1789 1776 1863 peradjudicia

123 1870 158 1923 ab
174 1887 208 1925 ea
220 1870 407 1926 similitudine
422 1871 511 1925 horno
532 1869 635 1924 dicitur
657 1870 790 1925 manibus
810 1870 859 1925 Dei
881 1870 924 1925 sa·
974 1868 1133 1940 tuaquibus
1145 1869 1238 1924 Adam
1254 1871 1410 1939 excecasli,
1426 1875 1537 1944 aquilas
1554 1880 1619 1930 sunt
1634 1880 1776 1951 amphan-

122 1962 233 2026 clus,ut
246 1959 414 2014 ostendatur
425 1975 564 2031 nraguum
576 1958 732 2029 atdignum
746 1975 817 2028 opus
829 1957 922 2014 fuisso.
975 1971 1017 2017 rc,
1027 1955 1055 2008 id
1072 1959 1114 2010 est
1130 1956 1210 2012 raldo
1224 1974 1307 2028 inqua
1319 1962 1395 2026 sunt,
1416 1968 1441 2014 et
1461 1961 1550 2016 etiarn
1574 1968 1685 2033 capuaci
1698 1969 1775 2039 quod

123 2048 195 2102 Cum
210 2050 307 2102 autem
323 2047 435 2102 sedicit
450 2046 640 2102 nranibusbai
653 2047 772 2106 sactum,
785 2064 843 2101 non
855 2046 923 2101 dicit
972 2042 1197 2112 incunctatae,
1214 2046 1242 2100 id
1257 2051 1300 2101 ast
1312 2047 1342 2102 in
1358 2064 1426 2103 vero
1436 2049 1547 2120 judicio
1561 2055 1610 2108 tuo
1625 2057 1654 2108 ct
1679 2072 1774 2128 aequo,

121 2136 176 2190 hoc
194 2135 230 2190 ad
236 2136 421 2207 jactantiam,
434 2135 482 2190 sed
491 2135 527 2191 ad
537 2135 632 2206 ipsias.
644 2135 786 2190 Crantoris
796 2135 921 2198 laudem,
973 2133 1122 2186 lurniliasti
1130 2133 1263 2201 me,idest
1272 2134 1397 2205 dejecisti
1408 2138 1776 2200 measublimitntcintetle·

120 2225 170 2296 qui
185 2227 297 2280 tantum
311 2242 382 2296 opus
396 2225 491 2280 facere
508 2223 610 2294 poluit.
627 2223 676 2277 Est
689 2226 785 2278 autern
797 2224 851 2279 boc
867 2224 922 2277 tale
973 2220 1537 2285 ctus.Quodestdicerezldeoinlellectus
1547 2230 1773 2289 consolationem

121 2328 152 2367 ec
165 2312 187 2367 si
202 2311 309 2367 diceret
323 2330 330 2368 :
344 2313 451 2368 idcirco
465 2328 527 2378 oro,
546 2312 679 2379 Domine,
696 2312 873 2366 intellectum
892 2311 921 2365 in
973 2324 1005 2362 er
1020 2308 1218 2365 misericordia
1231 2313 1259 2365 ot
1274 2311 1466 2383 promissione
1478 2317 1525 2369 tua
1540 2316 1657 2388 adipisci
1672 2324 1773 2391 expeto

120 2417 167 2454 me
182 2400 392 2472 1·ecreari,quia
402 2400 552 2455 considero
564 2400 641 2472 quod
652 2399 681 2454 in
695 2400 828 2462 adamin
842 2400 921 2470 prin·
972 2397 1041 2469 quia
1056 2399 1177 2468 cognovi
1191 2402 1331 2469 quatenus
1343 2401 1435 2456 Adam
1449 2406 1477 2456 et
1490 2419 1543 2474 ego
1565 2404 1620 2460 hoc
1639 2406 1717 2477 justo
1730 2408 1776 2480 ju·

121 2487 196 2558 cipio
212 2488 342 2543 animam
359 2505 455 2543 meam
470 2487 667 2559 adeodignnm
680 2489 782 2542 creasti
793 2491 822 2542 ut
833 2504 921 2561 capax
972 2484 1047 2539 dicio
1057 2488 1106 2540 tuo
1121 2485 1282 2554 amisimus,
1295 2488 1385 2544 ethoc
1400 2489 1510 2545 meritis
1522 2490 1773 2567 meisrecuperare

123 2579 197 2630 essct
208 2577 369 2631 intellectus
382 2576 543 2642 rationalis;
559 2592 611 2631 nac
625 2575 763 2647 injustum
778 2580 830 2639 cst,
845 2576 868 2629 si
892 2576 922 2632 id
971 2590 1031 2628 non
1047 2588 1174 2646 possum.
1193 2575 1347 2646 Postquam
1364 2576 1399 2630 de
1418 2576 1563 2633 intellectu
1589 2580 1773 2655 adipiscendo

121 2661 151 2717 iu
166 2680 214 2718 mc
223 2668 325 2736 expeto
336 2665 459 2719 recreari
470 2664 548 2736 quod
560 2665 588 2719 in
599 2663 741 2736 principio
759 2663 787 2718 in
804 2680 850 2719 mc
866 2665 921 2718 mi·
971 2663 1072 2733 oravit,
1084 2665 1149 2718 orat
1163 2679 1277 2735 quoque
1291 2663 1326 2718 de
1336 2664 1521 2735 adipiscenda
1533 2668 1562 2722 in
1578 2668 1774 2744 suturoglorla

121 2752 277 2808 sericordia
290 2757 340 2808 tua
355 2753 541 2807 creavitlt'on
557 2752 635 2806 cuim
650 2752 721 2807 illud
732 2754 799 2823 poto
813 2753 890 2823 quod
905 2770 922 2807 a
971 2751 1185 2822 corporis,cum
1195 2750 1286 2805 dicit:
1302 2751 1420 2807 Veniant
1435 2754 1502 2808 siritii
1513 2756 1693 2814 miserationes
1708 2764 1771 2827 tua,

119 2844 223 2896 natiue
240 2857 306 2895 mea
320 2841 356 2895 sit
368 2841 505 2908 alienum,
522 2840 571 2895 sed
582 2840 611 2894 id
624 2839 718 2912 potius
732 2841 768 2894 ad
782 2841 859 2912 quod
873 2858 923 2896 na·
970 2839 1165 2893 etoiuamfloe
1175 2842 1271 2893 autem
1281 2838 1318 2893 ad
1330 2839 1540 2912 illudjungilur
1552 2843 1631 2915 quod
1642 2847 1772 2918 superius

119 2929 252 2984 turaliler
262 2929 430 2984 habendum
444 2929 808 2984 idoneuscreatussum.Ut
823 2932 920 2984 autem
970 2926 1079 2997 posuit;
1091 2924 1456 2997 Mannrtnaplasmaverunt
1470 2946 1522 2997 ine,
1540 2930 1597 2986 sic:
1611 2931 1771 2996 orevilla-

121 3017 215 3089 mugis
229 3018 321 3073 valeat
336 3017 492 3090 impetrare
508 3016 585 3089 quod
601 3017 702 3083 oravit,
722 3017 785 3088 quis
803 3016 880 3086 inde,
897 3025 920 3079 si
932 2988 956 3049 C
970 3013 1059 3082 minc,
1076 3017 1107 3068 ut
1120 3029 1154 3069 ea
1168 3013 1398 3087 consideratione
1407 3015 1484 3088 quod
1491 3034 1586 3072 manus
1601 3026 1654 3075 tna
1667 3019 1698 3076 in
1709 3022 1771 3092 uui·

118 3104 329 3176 impetraverit,
343 3109 478 3178 sequatur
489 3106 605 3161 effectus
613 3105 748 3172 ostendit,
763 3105 802 3160 sic
815 3106 920 3174 :da‚in·
969 3118 1048 3156 marn
1055 3102 1220 3171 secaruntmc
1231 3101 1771 3171 intellectualem,recreesintellectum

116 3196 291 3266 quamnim
298 3195 469 3250 intellectum.
478 3193 637 3261 Quodsitit,
651 3193 810 3266 illiquijam
826 3197 919 3250 tament
968 3190 998 3246 in
1015 3191 1136 3247 maora
1145 3206 1259 3263 quoque
1274 3190 1391 3262 quando
1402 3191 1518 3264 quidem
1529 3194 1584 3248 hoc
1598 3196 1771 3253 beneficium

117 3289 152 3349 te,
163 3281 192 3336 id
207 3287 250 3338 est
264 3283 311 3354 qui
324 3283 385 3354 jam
398 3283 425 3337 in
438 3282 493 3338 fide
505 3282 590 3354 positi
601 3281 737 3337 timorem
749 3282 787 3336 tui
799 3284 916 3352 liabent,
966 3280 997 3336 in
1008 3279 1148 3352 principio
1159 3280 1231 3334 milri
1241 3279 1396 3348 contulisti,
1408 3281 1486 3352 quad
1503 3299 1597 3338 manus
1612 3290 1664 3340 tua
1677 3303 1769 3358 quau-

114 3370 378 3427 ridebuntinleriori
394 3370 711 3426 visionerationismem
726 3373 788 3441 qur'n
799 3373 827 3424 in
840 3372 917 3425 uinta
967 3371 1030 3426 tum
1042 3369 1079 3423 ad
1092 3383 1206 3439 corpus,
1221 3383 1268 3422 me
1288 3368 1361 3423 adeo
1382 3368 1502 3441 dignum
1512 3369 1723 3441 plasmaverunt,
1739 3379 1771 3430 ut

116 3465 172 3525 tria,
187 3458 216 3513 id
232 3462 274 3515 cst
287 3458 315 3513 in
332 3462 475 3532 praecepta
488 3463 548 3526 tua,
568 3461 720 3532 promotus
738 3461 918 3529 supersperavi
967 3455 1140 3512 immortalis
1155 3472 1246 3511 essem
1262 3461 1291 3511 et
1314 3457 1496 3528 impassibilis
1517 3459 1571 3514 nisi
1595 3462 1687 3517 Adam
1703 3479 1769 3537 pec-

114 3545 144 3600 in
161 3546 229 3616 ipsis
243 3547 399 3615 mandatis,
415 3547 501 3602 idest
518 3546 628 3620 speravi
648 3546 915 3602 remuneratiorem
967 3553 1055 3607 caret,
1066 3551 1096 3598 ut
1111 3547 1218 3599 veniant
1232 3544 1300 3599 milit
1311 3545 1341 3599 in
1357 3545 1453 3601 tuturo
1468 3549 1647 3604 miserationes
1662 3557 1723 3618 tua,
1740 3551 1770 3606 id

113 3617 212 3705 487
224 3635 253 3689 ιιι
267 3635 436 3706 praelatione
451 3636 580 3707 ipsorum
596 3636 849 3703 mandatorum,et
862 3636 916 3691 hoc
966 3633 1664 3708 estbencssciamiscricordiaetuae,quoeperddam
1674 3639 1768 3707 amisi,

114 3738 200 3795 super
216 3724 271 3779 hoc
282 3740 370 3796 quam
385 3723 439 3779 dici
450 3724 540 3797 possit
552 3725 601 3778 eut
614 3723 784 3794 intelligunt
796 3740 917 3779 enoeca-
965 3722 1072 3777 scilicet
1093 3725 1123 3776 ut
1142 3720 1315 3776 immortalis
1336 3721 1391 3776 sim
1418 3726 1446 3778 et
1474 3724 1665 3797 impassibilis,
1683 3729 1712 3782 et
1737 3728 1768 3783 in

114 3810 461 3879 sionelatatuntur,bene
477 3812 636 3885 operando.
655 3812 726 3867 Cum
740 3813 822 3882 ponit
842 3812 915 3866 latn-
966 3826 1052 3864 carue
1073 3809 1252 3881 conspicuus,
1274 3813 1303 3863 et
1326 3812 1431 3866 catera
1450 3811 1590 3868 beneficia
1619 3813 1767 3871 obtineam

115 3899 309 3968 tuntur‚idem
321 3901 395 3956 valet
405 3918 437 3956 ac
447 3902 469 3955 si
480 3900 694 3972 ponerel,beue
707 3900 915 3969 operabuntur,
966 3897 1091 3969 plurima
1107 3901 1136 3953 et
1151 3897 1368 3965 inenarrabilia,
1383 3916 1446 3971 quae
1466 3901 1593 3956 salvandi
1609 3903 1767 3958 secundum

114 4003 149 4042 co
165 3988 240 4060 quod
257 3987 347 4043 lactari
365 3988 400 4043 sit
413 3988 530 4044 effectus
545 3989 619 4043 benc
635 3987 785 4060 operandi.
804 3989 851 4043 Est
865 4005 915 4042 au·
966 4001 1071 4057 corpus
1086 3987 1269 4041 obtinebunt.
1288 3986 1414 4055 l'arriunt,
1429 3987 1559 4060 iuquam,
1576 3990 1645 4044 midi
1658 3992 1767 4047 ranoru-

113 4077 173 4130 tem
197 4077 252 4131 hoc
274 4093 306 4132 aa
327 4077 349 4131 si
372 4077 480 4132 diceret
496 4094 502 4131 :
521 4074 586 4131 ldeo
608 4076 643 4130 alu
668 4077 736 4130 nrilri
758 4076 916 4131 intellectum
967 4075 1048 4129 tiones
1062 4074 1199 4128 trractsic
1212 4077 1299 4129 uiuam
1312 4091 1371 4130 non
1391 4076 1547 4132 moriturus
1565 4077 1594 4132 iu
1613 4081 1767 4149 aternum,

114 4164 279 4237 complendi
291 4164 594 4236 mandatotuu,quiasi
606 4165 635 4218 iu
646 4165 915 4236 complendisman·
966 4161 1015 4235 qui
1031 4179 1107 4218 nunc
1123 4162 1152 4217 in
1171 4178 1292 4234 corpore
1307 4163 1437 4219 nrortalis
1451 4181 1526 4219 sum.
1543 4165 1578 4219 Ut
1600 4170 1699 4223 autem
1714 4169 1766 4224 bns

114 4253 188 4308 datis
201 4255 258 4308 tuis
271 4254 448 4309 intellcctum
462 4255 602 4322 habuero,
615 4255 714 4308 tldclcs
733 4254 773 4308 tui
793 4255 840 4325 qui
852 4255 914 4326 J'arn
966 4251 1166 4308 miserationes
1181 4252 1320 4320 obtineat,
1330 4253 1465 4307 meritum
1477 4254 1714 4324 pontonaticum
1728 4257 1767 4310 sic

112 4339 249 4396 timentes
259 4343 286 4396 te
301 4346 377 4411 sunt,
388 4342 598 4398 considerando
613 4342 733 4397 rationis
747 4343 852 4398 intuitu
869 4360 915 4399 ma
966 4340 1046 4395 addit
1058 4357 1064 4395 :
1076 4340 1413 4408 ldeo‚Dominc,veniunt
1428 4340 1495 4394 mila
1508 4343 1685 4396 itinerationis
1701 4349 1762 4411 tua,

111 4428 143 4483 in
158 4429 296 4485 mandata
306 4431 355 4485 lua
367 4431 529 4497 intendere,
540 4430 688 4486 occasione
700 4430 916 4498 hujusconsidc-
965 4431 1028 4500 puin
1044 4429 1085 4482 len
1097 4435 1142 4483 tua
1157 4428 1295 4482 rireditatio
1306 4445 1363 4480 rnen
1379 4433 1426 4494 est,
1443 4426 1472 4481 id
1486 4429 1539 4490 est,
1555 4427 1622 4500 quia
1640 4429 1766 4487 nieditor

111 4517 244 4585 rationis,
261 4519 357 4589 stipsi
375 4519 404 4574 in
424 4518 569 4574 mandatis
591 4517 647 4573 tuis
666 4517 843 4573 intellectum
863 4520 915 4574 ha-
965 4515 994 4570 in
1009 4516 1073 4586 lege
1090 4519 1139 4570 tua
1153 4514 1336 4586 complenda.

111 4603 220 4674 hendo,
235 4609 365 4678 exemplo
378 4606 435 4662 naci
456 4606 531 4661 bene
555 4607 760 4681 operabuntur.
776 4605 858 4671 Quod
873 4610 915 4662 est
1001 4604 1087 4659 Facta
1101 4603 1292 4672 orationapru
1304 4617 1345 4664 sc,
1358 4600 1518 4660 oratetiam
1528 4620 1581 4676 pro
1595 4604 1717 4664 inimicis
1733 4612 1763 4664 ut

112 4690 224 4748 dicero:
239 4694 296 4750 lloc
308 4694 336 4750 in
349 4695 389 4749 cis
405 4694 473 4750 visio
489 4695 547 4750 mci
560 4694 720 4750 intellectus
736 4693 913 4765 operabitur,
965 4691 1135 4746 erubescant
1151 4693 1180 4745 ct
1194 4697 1391 4759 convertantur,
1408 4694 1437 4747 et
1450 4707 1502 4764 per
1523 4693 1577 4749 hoc
1592 4695 1685 4768 magis
1701 4713 1761 4750 mc·

112 4785 143 4836 ut
157 4786 187 4836 ct
200 4781 254 4855 ipsi
268 4782 445 4838 intellectum
460 4784 599 4839 habentes
614 4783 687 4838 bane
705 4786 873 4853 operentur.
963 4782 1043 4835 retur
1067 4777 1184 4849 adipisci
1207 4777 1286 4850 quod
1303 4779 1339 4835 de
1362 4796 1392 4835 se
1413 4781 1542 4853 superius
1564 4783 1666 4838 oravit.
1682 4784 1763 4839 [lude

146 4870 203 4925 Nec
220 4871 326 4925 mirum
342 4872 459 4943 quidem
477 4871 504 4938 si,
515 4871 582 4927 risio
601 4871 762 4926 intellectus
786 4875 815 4926 at
830 4872 913 4926 boum
963 4865 1157 4940 scriptumest
1174 4883 1180 4922 :
1198 4866 1251 4931 Qui
1264 4883 1316 4938 pro
1331 4867 1393 4923 aliis
1408 4872 1543 4940 orat,pro
1556 4870 1710 4942 semetipso
1726 4872 1766 4927 la·

111 4958 289 5029 operationis
299 4964 464 5015 sanctorum
475 4961 504 5015 in
517 4960 584 5032 ipsis
597 4959 768 5022 videntibus,
784 4959 912 5015 intellec·
961 4955 1536 5028 bucellianoigiturorationemsicfncit:
1558 4940 1761 5029 4880rari,

110 5048 171 5102 tum
182 5049 212 5101 et
224 5063 294 5118 opus
307 5048 416 5104 bonum
428 5051 695 5120 operetur,cum,ut
705 5048 805 5102 boatus
815 5047 913 5103 litoro-
962 5044 1096 5114 Domine,
1106 5060 1158 5116 pro
1173 5061 1232 5111 me,
1241 5044 1355 5100 dicens:
1376 5043 1491 5098 Veniant
1505 5043 1573 5098 miti
1584 5050 1765 5106 miserationes

111 5149 217 5205 aymus
231 5136 368 5203 affirmat,
385 5136 532 5209 quoddam
545 5135 653 5190 animal
669 5136 714 5202 sit,
729 5135 798 5190 visio
807 5135 914 5207 cujusa
963 5140 1079 5197 tumore
1088 5148 1202 5206 quoque
1210 5148 1262 5203 pro
1270 5130 1400 5202 superbis
1411 5132 1650 5204 persequentibus
1661 5151 1719 5204 me,
1731 5142 1765 5193 ul

108 5222 243 5295 passione
257 5223 372 5279 icterica
386 5225 515 5279 videntes
529 5226 619 5278 curet.
636 5223 705 5278 Orat
723 5226 822 5278 aulem
838 5221 913 5277 istud
961 5221 1168 5294 videlicetipsis
1181 5219 1382 5274 miserationes
1392 5221 1583 5290 tuaercniant3
1596 5222 1764 5293 confundun-

108 5308 188 5366 idem
200 5312 278 5383 quod
290 5313 439 5368 occasione
450 5311 584 5383 principii
597 5310 688 5366 oravit
703 5326 736 5365 ex
750 5310 911 5366 misericor·
962 5307 1318 5379 tnr,idesterubcscantde
1331 5306 1483 5379 iniquitate
1498 5325 1559 5377 sua,
1570 5310 1686 5381 superbi,
1699 5314 1764 5384 quia

110 5396 158 5454 dia
176 5401 323 5473 consequi,
340 5400 504 5457 confitendo
527 5399 676 5455 humiliter
697 5415 727 5454 se
752 5414 804 5470 per
820 5397 912 5454 Adam
960 5400 1081 5469 seruant
1095 5399 1122 5451 in
1134 5413 1186 5464 me,
1198 5395 1277 5451 idest
1287 5399 1389 5451 contra
1409 5413 1468 5464 me,
1484 5399 1660 5471 iniquitatem,
1681 5398 1764 5456 adui-

104 5487 298 5578 iustoiudicio
314 5490 362 5561 Dei
374 5489 534 5548 intellectus
544 5487 751 5547 sublimitatem
768 5486 908 5560 amisisse,
962 5486 1049 5549 leurdo
1066 5502 1113 5543 me
1128 5501 1180 5563 per
1194 5483 1394 5541 tribulationes
1408 5487 1508 5544 aetatu
1520 5485 1679 5546 sanctitatis
1691 5502 1764 5567 maa
