3772 5970
178 267 231 333 'ate
480 265 509 332 's
531 272 704 334 asmona
724 260 1043 333 canrnnsna'o'no'u
1060 224 1294 332 tns'rtromnts
1314 265 1391 331 ore.
1412 255 1532 330 ranst
1784 254 1834 328 sen

173 394 298 450 babeam
313 392 398 450 inme
408 395 641 452 conformitatem
653 396 787 463 veritatis,
807 400 838 451 ut
850 395 979 470 impassi-
990 399 1018 458 A
1030 395 1114 452 ritate
1127 398 1307 469 praestantes,
1318 411 1370 467 ρον
1379 393 1485 466 scripta
1492 410 1543 448 sua
1558 399 1738 447 admoverunt
1752 392 1833 447 mlii.

174 482 240 538 hilis
255 484 378 539 existens
390 487 419 538 ct
434 484 723 558 immortalispenitus
733 483 980 541 incommutabilis
1029 485 1064 540 Et
1079 502 1137 541 non
1151 486 1207 540 talc
1222 485 1499 557 quidnarraverunt,
1514 481 1832 556 quodignorarentzsed

173 571 303 628 existam.
1028 593 1092 647 opas
1116 575 1185 648 quod
1205 583 1325 646 operatus
1343 590 1371 631 es
1398 576 1425 628 in
1449 573 1538 628 dietus
1561 590 1667 639 eotitun,
1684 570 1766 645 quod
1784 570 1832 644 ipsi

211 662 371 733 Etdignum
382 663 580 719 estutomitlas
592 666 683 720 lucem
692 663 876 719 etveritatcm
889 663 919 718 in
933 663 946 717 l
966 693 977 702 ·
1028 663 1117 719 oculis
1131 664 1273 719 viderunt.
1289 663 1329 718 Ne
1345 679 1412 718 vero
1425 665 1577 735 putaretur
1590 677 1655 732 opus
1665 659 1738 715 illud
1748 676 1833 731 opera·

175 752 251 805 turo.
266 750 328 820 Ipso
343 752 421 805 enim
436 753 482 806 lux
499 755 528 806 et
543 752 645 807 veritas
655 770 696 806 ine
708 752 874 806 declararunt
890 759 914 805 et
928 751 977 805 nd·
1028 759 1070 806 tus
1084 752 1169 807 luisse
1182 754 1210 805 ia
1221 752 1311 806 diebus
1322 767 1380 806 non
1396 751 1581 822 antiquorum
1597 750 1730 816 Patrnm,
1746 747 1831 803 addit.

174 838 317 895 decrerunt.
330 842 570 912 Praeposteratnm
586 845 636 896 est:
649 841 710 913 ipsa
721 859 767 895 me
783 840 976 904 adduxerunt,
1027 839 1112 907 Baio
1125 844 1167 895 est
1185 840 1301 906 scilicet,
1320 842 1348 893 ia
1360 839 1448 893 dietus
1469 839 1586 909 antiquis
1598 841 1725 910 operatus
1734 853 1759 890 es
1771 853 1831 908 οριο

174 927 204 982 id
219 932 262 982 est
273 928 459 1001 Christus,qni
469 932 513 984 lus
526 931 731 985 estseenndum
739 930 932 996 divinitatem,
950 933 978 985 et
1028 928 1113 983 istud.
1132 930 1207 983 Bene
1227 945 1294 983 vero
1311 927 1430 999 apponit
1445 944 1520 997 opus,
1537 930 1568 981 nt
1582 926 1687 981 innuat
1701 926 1759 980 hoc
1774 942 1830 980 ma·

174 1017 277 1072 veritas
292 1019 448 1073 secandum
465 1019 979 1085 ltutnanilatem,moadduxitdecon·
1028 1034 1119 1089 gnum
1133 1018 1203 1090 quid
1217 1016 1303 1072 luisse
1323 1016 1400 1087 qnod
1422 1031 1488 1070 cant
1512 1015 1553 1069 eis
1575 1013 1644 1068 lecit
1662 1015 1753 1068 [leus.
1766 1013 1832 1069 lllud

134 1126 142 1142 ·
174 1106 246 1160 vallo
260 1108 364 1161 erroris
379 1109 407 1160 in
419 1114 533 1161 lucinium
544 1115 663 1161 salicetum
680 1116 770 1162 tutem.
790 1092 912 1179 Exponit
927 1124 977 1161 au·
1028 1105 1107 1160 enim
1123 1105 1198 1177 quod
1215 1121 1356 1175 magnum
1372 1107 1423 1170 est,
1441 1120 1506 1175 opus
1521 1107 1550 1158 et
1565 1102 1721 1174 negotium
1736 1119 1831 1157 vocare

60 1236 66 1241 .
174 1196 234 1249 tem
250 1194 278 1248 in
295 1213 381 1267 quem
398 1199 541 1258 merrtem,
559 1213 625 1251 cum
644 1196 793 1268 subjungit
806 1205 830 1250 et
846 1199 873 1249 in
889 1197 978 1250 tader·
1028 1189 1832 1265 consuevimuslixponit{tutemquodopus,cumadjun-

174 1282 270 1335 noculo
282 1290 344 1337 tuo:
370 1284 437 1338 Dico
454 1283 575 1338 inillam
591 1292 707 1338 tuentem
720 1285 749 1338 in
764 1301 821 1355 quo
836 1286 902 1338 sunt
918 1300 979 1355 per·
1029 1283 1087 1354 git:
1111 1283 1164 1337 boe
1184 1282 1291 1338 scilicet
1306 1282 1384 1353 quod
1407 1298 1501 1335 tonnus
1516 1287 1572 1347 tuo,
1591 1280 1620 1335 id
1647 1282 1691 1333 est
1706 1279 1832 1351 potentia

173 1368 240 1424 fecti
263 1370 420 1426 militantes
441 1372 502 1436 libi,
529 1372 637 1427 scilieet
650 1372 678 1426 in
695 1373 877 1427 altitudinem
895 1373 979 1426 virtu·
1028 1373 1179 1440 tangentes
1189 1369 1346 1441 disperdidit
1363 1387 1369 1424 :
1392 1369 1543 1424 Gebusaeos
1564 1368 1671 1423 scilicet
1686 1369 1717 1421 et
1731 1366 1830 1421 Amor·

174 1459 302 1528 lumper
313 1475 400 1530 quam
417 1459 555 1514 dimicant
570 1463 670 1515 contra
686 1460 762 1515 vitia.
777 1461 811 1514 Et
827 1464 978 1532 postquam
1028 1460 1329 1526 rlieos,etPlret·eseos,
1342 1458 1350 1546 1
1361 1459 1426 1545 38
1436 1461 1465 1512 ct
1475 1460 1592 1511 caeteras
1602 1458 1706 1527 gentes
1714 1456 1749 1510 de
1759 1458 1833 1511 terra

173 1544 612 1602 luxetvcritasodduseruntine:
628 1549 792 1603 deducerunt
811 1561 927 1620 quoqne
943 1548 979 1602 de
1028 1547 1241 1618 promissionis:
1267 1554 1292 1600 et
1321 1547 1374 1600 illis
1389 1546 1524 1617 gentibus
1551 1545 1698 1618 dispersis,
1720 1545 1749 1600 in
1772 1545 1832 1600 loco

146 1642 151 1649 ’
174 1633 251 1688 bono
267 1633 296 1688 in
309 1635 459 1703 melius,et
474 1636 765 1707 persevarolecerunt
780 1636 881 1708 inipso
897 1653 980 1691 mon·
1028 1636 1144 1691 illarum
1159 1636 1292 1707 plantasti
1314 1651 1356 1689 eos
1372 1637 1477 1707 patres.
1495 1634 1567 1689 Cum
1594 1633 1671 1701 dicit,
1689 1634 1832 1705 plumarii,

174 1725 214 1775 te.
242 1722 299 1777 Hoc
315 1739 382 1777 vero
405 1723 482 1795 quod
499 1725 600 1790 oravit,
615 1727 712 1791 emitte,
729 1729 796 1793 etc„
812 1742 844 1779 ex
862 1725 977 1779 certitu·
992 1717 1017 1778 B
1030 1725 1134 1792 innuit,
1158 1726 1197 1779 sic
1222 1724 1260 1778 ibi
1277 1741 1327 1779 eos
1343 1723 1449 1796 posuit,
1465 1727 1497 1777 ut
1522 1722 1788 1794 multiplicarentur
1806 1727 1833 1779 et

175 1811 243 1865 dinc
269 1828 357 1883 quam
372 1813 460 1867 habet
473 1813 617 1883 promittit
632 1831 661 1867 se
685 1814 869 1886 adepturum,
891 1816 922 1867 ut
949 1816 979 1868 et
1029 1818 1262 1879 crescerent‚non
1279 1816 1309 1867 ut
1324 1813 1421 1867 statim
1433 1813 1500 1868 inde
1515 1812 1714 1867 discederent:
1729 1811 1833 1867 ssimi·

174 1917 226 1954 nos
241 1901 278 1955 ad
294 1901 438 1955 orandum
453 1901 554 1955 invitet
568 1905 699 1974 exemplo
724 1903 776 1970 sui,
793 1906 825 1956 ut
848 1902 979 1957 similitor
1029 1901 1150 1957 titudine
1162 1902 1260 1956 herbae
1276 1901 1319 1955 sel
1346 1899 1467 1967 arboris,
1485 1917 1548 1974 quae
1563 1900 1667 1955 alicubi
1689 1901 1835 1972 plantatur

174 1987 377 2059 adipiscamur.
395 1988 462 2044 ilico
478 1990 556 2061 quod
578 2008 619 2044 me
638 1991 806 2044 oililtuerunt
819 1998 843 2044 et
863 1990 977 2045 ‹ledure-
1028 1992 1060 2043 ut
1073 1990 1111 2044 ibi
1125 1993 1242 2044 crescat.

174 2083 246 2129 runt.
262 2075 302 2129 Et
316 2093 367 2148 por
381 2077 436 2132 hoc
456 2077 534 2148 quod
543 2078 606 2148 jam
621 2078 759 2133 adductus
769 2095 848 2133 sum:
865 2079 979 2132 introibo
1065 2077 1209 2141 Quotiiam
1225 2080 1322 2134 antem
1338 2080 1467 2135 dixerat:
1492 2077 1659 2149 disperdidit,
1685 2095 1723 2132 ne
1736 2078 1833 2133 erede·

175 2163 204 2218 in
220 2165 328 2235 futuro,
349 2165 379 2220 id
402 2169 445 2219 est
467 2166 604 2223 admittar
619 2166 654 2220 od
667 2169 750 2222 altore
765 2168 826 2233 Dei,
840 2166 869 2221 id
885 2167 978 2222 estad
1029 2166 1427 2237 renturignavia,metns,aut
1437 2166 1616 2238 negligentia
1628 2170 1715 2221 terrae
1725 2165 1834 2238 dispor-

175 2252 311 2307 intuitum
323 2256 352 2308 et
362 2254 597 2310 conformitatem
607 2256 750 2311 Dominici
761 2254 979 2328 lrominis:quod
1029 2272 1077 2320 sae,
1095 2255 1132 2309 ad
1147 2257 1413 2326 augmentationem
1424 2255 1561 2328 potentiae
1576 2255 1639 2317 liei,
1652 2257 1682 2308 et
1697 2259 1729 2309 ut
1742 2254 1835 2325 major

174 2341 318 2396 oltnreDei
335 2343 447 2409 dicitur,
459 2360 493 2398 eo
509 2345 585 2415 quod
599 2345 627 2399 in
642 2361 686 2408 ao,
709 2346 738 2400 id
752 2345 833 2399 estin
851 2345 912 2415 ejus
923 2346 979 2400 fide
1028 2343 1065 2397 sit
1078 2345 1206 2415 questio,
1225 2345 1300 2415 ipsas
1312 2352 1401 2412 pentes
1421 2343 1578 2399 alilictione
1602 2342 1672 2397 dicit
1695 2344 1833 2414 expulsas.

175 2431 311 2486 sacrificia
324 2432 424 2486 omnia
434 2435 491 2488 lleo
505 2434 978 2506 afidelibusoller·untur.blioquin
1028 2431 1077 2498 sic,
1089 2432 1153 2486 dice
1168 2448 1174 2485 :
1191 2431 1291 2486 alirunas
1306 2439 1351 2487 tuo
1362 2438 1451 2503 petates
1463 2431 1630 2502 etipse-didit.
1648 2431 1695 2487 Sic
1705 2432 1810 2486 scilicet
1825 2448 1832 2486 :

175 2522 271 2573 autem
284 2518 395 2574 inutilia
406 2523 510 2574 essent.
525 2522 558 2575 Et
565 2538 617 2593 per
627 2521 719 2593 ipsum
730 2522 823 2589 ultore,
833 2523 861 2576 id
873 2526 916 2576 cst
928 2538 979 2594 per
1027 2520 1051 2573 A
1056 2521 1168 2590 [sinisii
1182 2521 1296 2592 poplites
1314 2522 1396 2576 bellis
1411 2527 1440 2577 et
1454 2522 1517 2575 aliis
1531 2521 1628 2575 urtrltis
1642 2520 1791 2575 cladibus:
1807 2523 1834 2574 cl

175 2607 611 2664 conformitatemetcontnitum
622 2611 683 2681 ejus
694 2611 819 2666 introibo
831 2611 866 2664 od
880 2611 976 2678 Derim,
1028 2607 1067 2661 sic
1082 2609 1208 2679 erpidisti
1220 2626 1261 2662 eos
1271 2610 1306 2663 do
1322 2613 1398 2665 terra
1414 2609 1629 2682 promissionis:
1651 2609 1728 2663 Gens
1742 2612 1772 2663 et
1785 2625 1832 2680 po-

175 2695 205 2749 id
216 2698 259 2749 est
269 2696 304 2750 ad
314 2696 510 2767 cognitionem
519 2701 547 2752 et
559 2699 693 2753 subtilem
702 2699 977 2770 contemplationem
1029 2696 1121 2766 patus,
1135 2696 1180 2750 liic
1196 2697 1272 2752 idem
1288 2697 1552 2768 signiticant.0uod
1563 2700 1605 2751 cst
1616 2696 1714 2751 dicere
1727 2714 1735 2751 a
1746 2696 1834 2751 ltulti·

177 2784 344 2840 divinitatis.
360 2787 450 2840 lleurn
467 2786 541 2851 dieo,
558 2790 606 2859 qui
619 2788 747 2857 laetificat,
759 2788 788 2842 id
799 2792 841 2843 est
852 2788 977 2842 lutifica-
1029 2784 1117 2838 moda
1132 2784 1288 2840 afflictione
1300 2786 1427 2857 erpotisti
1442 2787 1563 2856 populos
1578 2783 1770 2839 illosllieeret
1785 2784 1832 2839 ali-

177 2873 219 2928 bit
234 2877 302 2928 tunc
317 2874 485 2944 iuuentutem
501 2892 597 2943 ineam,
617 2876 646 2931 id
661 2876 767 2947 estqui
785 2894 832 2931 me
841 2877 978 2946 juvenem
1029 2872 1111 2942 quis:
1128 2873 1221 2936 Quare
1234 2873 1388 2945 dicisquod
1398 2876 1446 2929 llei
1459 2891 1560 2928 manns
1574 2873 1833 2944 gontesdiiperdidit

176 2961 245 3016 lacit
258 2966 287 3017 et
303 2979 421 3029 novum,
446 2965 540 3019 carnis
554 2964 668 3020 sordido
684 2969 823 3021 vetustate
839 2966 979 3038 deposita,
998 2965 1059 3062 cet
1072 2961 1193 3032 asstitit?
1208 2963 1309 3017 Nonne
1326 2963 1378 3035 ipsi
1394 2967 1489 3035 patres
1504 2964 1587 3017 bellis
1597 2979 1645 3017 eas
1658 2961 1832 3028 afflixerunt,

179 3052 220 3104 rel
238 3051 354 3121 laetificat
366 3050 428 3123 jain
445 3055 667 3125 spcjurentuteui
682 3054 815 3122 menm,id
825 3057 921 3109 estme
932 3054 979 3125 jn·
1030 3055 1059 3105 et
1072 3051 1109 3105 sie
1124 3054 1232 3105 terram
1249 3052 1302 3106 sibi
1319 3052 1537 3124 acquisierunt?
1552 3052 1596 3106 nd
1610 3054 1665 3107 hoc
1683 3053 1781 3106 autem
1793 3067 1832 3105 se·

177 3156 279 3194 renem
295 3140 435 3196 futurum.
1031 3140 1129 3210 quitur
1158 3141 1282 3195 remotio
1299 3141 1337 3196 sie
1358 3157 1364 3194 :
1386 3141 1457 3195 Vere
1486 3156 1580 3196 meato
1606 3148 1651 3194 tuo
1667 3139 1833 3211 disperdidit.

212 3227 283 3281 Cum
296 3228 365 3282 dicit
375 3230 501 3296 introito,
510 3229 605 3284 innuit
618 3247 678 3285 rem
688 3233 839 3293 secretam,
853 3230 981 3285 etadbnc
1030 3226 1095 3282 Νοο
1107 3228 1341 3300 estiatipsipatres
1353 3229 1543 3300 possederunt
1556 3232 1665 3284 terram
1674 3229 1835 3302 promissio·

178 3314 261 3369 nobis
275 3315 452 3386 incognitam
465 3334 524 3371 esse
534 3334 539 3371 :
550 3317 669 3372 introire
686 3319 764 3372 enim
779 3319 807 3372 in
821 3317 980 3373 sceretadi·
1032 3314 1076 3370 nis
1091 3332 1119 3369 ut
1131 3316 1223 3383 plodio
1237 3334 1295 3381 suo,
1312 3317 1341 3372 id
1357 3319 1399 3371 est
1413 3333 1464 3388 per
1479 3316 1609 3388 gladium
1623 3334 1724 3372 suum:
1740 3325 1765 3371 et
1778 3317 1832 3372 dro-

179 3403 281 3456 cimur.
296 3402 366 3457 Dico
380 3405 458 3474 quod
473 3409 541 3459 tutic
555 3407 682 3459 iutroilo:
698 3407 732 3460 Et
742 3410 773 3460 ut
783 3406 902 3460 introire
919 3421 980 3458 me·
1031 3405 1118 3458 ellium
1130 3422 1217 3469 surim,
1232 3405 1259 3459 id
1274 3409 1316 3460 est
1332 3405 1469 3461 tortitudo
1479 3423 1540 3471 sua,
1552 3423 1606 3461 ooo
1618 3407 1732 3460 soleaeit
1748 3405 1831 3460 eesab

180 3490 301 3554 renaldo
312 3489 980 3565 interim,oDeris,quiescommuniteromnium
1033 3492 1159 3563 ipsarum
1175 3495 1305 3565 gentium
1321 3495 1403 3549 bellis
1419 3499 1447 3548 et
1463 3495 1583 3550 insidiis:
1595 3495 1640 3549 sed
1653 3495 1768 3550 desiero
1783 3501 1833 3559 tun,

178 3577 251 3631 Dens
262 3581 292 3632 et
306 3581 429 3640 creator.
446 3584 475 3634 et
496 3580 568 3635 Dens
583 3599 655 3635 incus
671 3600 729 3654 prae
743 3581 916 3647 infidelibus,
937 3581 981 3635 cui
1031 3580 1060 3636 id
1080 3586 1122 3637 est
1137 3584 1311 3655 prosperitas
1324 3584 1448 3639 victoriae
1458 3601 1510 3656 ρον
1522 3588 1548 3639 te
1562 3584 1635 3639 datae
1647 3602 1654 3647 ;
1666 3592 1692 3639 et
1704 3584 1835 3639 traebiam

179 3666 281 3721 obedio
295 3666 410 3734 scilieet,
426 3669 568 3737 confitetor
594 3671 651 3737 titii,
669 3671 697 3725 id
716 3674 758 3725 est
773 3671 895 3725 laudabo
910 3674 937 3723 tc
953 3671 982 3723 in
1032 3677 1117 3738 turriti,
1134 3671 1162 3725 id
1178 3675 1220 3726 cst
1236 3672 1375 3727 tortitudo
1391 3676 1440 3727 tua
1455 3680 1497 3740 3et
1506 3672 1672 3728 illinitiaalio
1684 3673 1774 3728 utilius
1786 3673 1832 3736 tui,

153 3744 158 3773 ⁸
177 3756 291 3821 citiore,
308 3755 337 3810 id
351 3759 393 3810 cst
403 3756 432 3810 in
449 3758 671 3813 mortificatione
684 3758 787 3825 carnis,
802 3758 917 3829 quando
929 3773 980 3829 pro
1032 3760 1117 3813 idest
1132 3760 1258 3814 lucidum
1274 3761 1427 3815 consilium
1443 3761 1593 3833 sapientiae
1607 3766 1664 3816 luae
1677 3763 1720 3816 rel
1737 3761 1834 3833 gralia

177 3846 206 3897 te
225 3860 242 3897 a
255 3844 486 3900 tribulationibus
500 3846 584 3901 illatis
598 3847 826 3902 mortificabitur.
847 3847 887 3901 Tu
902 3862 980 3912 vero,
1031 3850 1098 3913 triae,
1110 3850 1291 3905 salvaverunt
1306 3850 1466 3905 cosl'ultus
1481 3849 1527 3903 hic
1540 3866 1591 3921 pro
1603 3850 1697 3921 gratia
1708 3849 1833 3921 ponitur,

177 3933 982 4005 cainaniiien‚t1uandoquidempertribulationesinlroitu·
1031 3936 1098 4006 quia
1113 3936 1141 3989 in
1156 3938 1234 3991 vulta
1245 3954 1320 4008 saepo
1330 3937 1682 4010 gratiacujnslibetpotest
1693 3936 1833 3993 denotari:

177 4037 225 4074 rus
240 4037 404 4092 sumpsere
414 4024 494 4076 tristis·
507 4040 532 4076 es
544 4022 572 4076 in
583 4023 836 4078 tribulationibus?
853 4023 981 4094 thiiure
1031 4023 1093 4078 Sive
1109 4024 1158 4078 Dei
1174 4024 1325 4095 sapientia,
1343 4025 1371 4080 id
1387 4028 1429 4079 est
1442 4025 1493 4080 Dei
1508 4025 1594 4093 filins,
1610 4027 1699 4081 rudus
1712 4026 1765 4081 Dei
1780 4026 1835 4079 illu·

178 4125 230 4180 per
242 4109 386 4162 tristitiam
398 4110 603 4164 euntiardmtne?
621 4111 683 4165 Noli
698 4111 861 4166 contristari
873 4115 979 4167 etcon·
1030 4114 1142 4166 iniectio
1162 4113 1275 4180 dicitur,
1305 4130 1338 4168 eo
1358 4113 1436 4185 quod
1460 4130 1512 4184 per
1539 4115 1600 4184 ejus
1625 4113 1833 4169 risibilemhu·

177 4196 374 4251 turbareme:
394 4197 443 4251 sod
463 4214 538 4268 spero
553 4200 582 4252 in
598 4198 665 4264 Deo,
683 4201 810 4270 pisoniana
823 4199 981 4255 odlutceou·
1032 4201 1202 4256 manitatem
1221 4202 1331 4257 mundo
1360 4201 1451 4256 Patris
1473 4200 1619 4257 invisibilis
1633 4202 1729 4257 Deitas
1752 4203 1833 4256 inno·

176 4285 269 4355 fitebor
281 4286 322 4339 illi
330 4285 448 4340 saltitare
458 4287 545 4340 vallio
564 4289 616 4341 mei
632 4295 656 4341 et
669 4287 743 4342 Deus
759 4306 841 4342 raetis.
864 4289 922 4344 lloc
935 4306 982 4344 au·
993 4304 1019 4363 1)
1030 4289 1095 4358 luit,
1111 4289 1184 4345 sicut
1198 4291 1227 4345 in
1240 4292 1319 4346 vultu
1335 4307 1411 4362 saepe
1427 4291 1520 4346 cordis
1537 4295 1646 4347 secreta
1661 4290 1833 4361 dignoscun-

177 4379 236 4429 tem
252 4377 283 4428 ut
296 4374 326 4429 in
342 4374 484 4446 superiori
500 4375 613 4431 Psalmo
629 4375 791 4447 exponitur.
1031 4380 1087 4433 tur.

423 4464 457 4517 ΙΝ
473 4463 634 4519 Psatttuu
646 4465 733 4518 llLlll.
1067 4467 1101 4521 Et
1114 4469 1234 4538 propter
1250 4483 1351 4522 eorum
1367 4468 1472 4524 merita
1487 4486 1545 4525 non
1561 4484 1610 4524 eos
1628 4467 1760 4524 salvasti:
1786 4465 1833 4523 sed

212 4551 316 4606 Psalmi
335 4552 418 4623 hujus
433 4552 646 4623 quadragesimi
656 4553 732 4608 tertii
747 4554 843 4609 titulus
853 4553 929 4610 idem
937 4558 980 4612 est
1030 4557 1156 4625 quesitam
1169 4556 1350 4627 coruptzeuisti
1362 4556 1413 4611 tibi
1430 4559 1458 4611 iit
1476 4560 1523 4624 ets,
1540 4557 1636 4624 idest,
1659 4555 1833 4628 complacuit

176 4639 224 4712 qni
240 4640 345 4694 Psalmi
361 4640 572 4712 quadragesimi
587 4640 719 4713 primite
728 4643 807 4712 finem
822 4643 976 4714 intellectus,
1029 4642 1080 4698 tibi
1095 4642 1124 4697 in
1140 4643 1180 4697 eis
1194 4643 1346 4698 salvandis.
1364 4643 1446 4709 Quod
1457 4648 1499 4700 est
1514 4646 1627 4700 dicere:
1644 4644 1713 4699 Solo
1728 4644 1832 4717 placito

175 4733 225 4783 aut
236 4730 272 4783 od
285 4730 444 4784 intellectum
455 4731 520 4800 filiis
534 4729 629 4786 Cliore.
644 4732 677 4785 Et
691 4736 850 4802 exponetur
866 4737 895 4788 ut
910 4734 974 4790 illic.
1027 4730 1232 4787 misericordiae
1246 4748 1294 4787 eos
1311 4734 1431 4788 salvasti.
1448 4734 1496 4788 Vel
1508 4734 1561 4788 sic:
1573 4734 1644 4787 Vere
1659 4733 1772 4788 dextera
1787 4738 1831 4789 tua

175 4819 223 4873 Est
238 4819 316 4874 enim
339 4837 390 4875 vox
413 4820 544 4875 Ecclesia
565 4819 707 4893 praecipue
733 4827 894 4893 martyrum
913 4823 976 4878 imi·
1026 4824 1051 4875 et
1064 4820 1201 4875 trosleium
1214 4827 1239 4877 et
1254 4821 1419 4876 illumiaatio
1432 4822 1460 4876 in
1476 4839 1578 4878 eornm
1593 4823 1685 4877 salute
1701 4825 1828 4895 operatae

175 4907 298 4962 tantiam
316 4908 419 4963 Christi
433 4907 597 4979 passionem
612 4927 675 4981 quae
690 4926 741 4980 per
758 4910 850 4965 Chore
865 4911 975 4983 signill-
1025 4912 1100 4966 sunt.
1116 4910 1149 4964 ut
1164 4909 1236 4965 adeo
1252 4910 1500 4982 manifeste,quod
1516 4927 1569 4983 per
1583 4911 1637 4966 hoc
1647 4911 1831 4982 complacitius

172 5000 272 5063 catur;
302 5000 331 5051 ct
353 4997 534 5069 precantium
558 5013 610 5068 per
635 4998 777 5053 Christum
803 4999 917 5054 libcrari
938 5000 974 5055 ab
1025 4997 1442 5069 aliisgentibusineissalvatis,
1456 4998 1587 5066 idest‚in
1601 5002 1828 5070 corumpatrum

171 5083 309 5153 inimicis,
327 5085 488 5156 praesertim
517 5085 545 5140 in
563 5086 609 5140 die
630 5085 740 5155 judieii.
758 5087 839 5142 Unde
852 5087 971 5142 dicunt:
1024 5085 1189 5142 salvatione.
1206 5085 1289 5150 Quod
1299 5089 1341 5142 est
1352 5087 1465 5142 dicere:
1482 5086 1550 5142 Aliis
1566 5103 1681 5160 quoqne
1696 5087 1829 5158 gentibus

207 5172 289 5239 Deus,
309 5174 416 5228 ourt'dus
428 5176 525 5230 nostris
540 5174 702 5229 erudivimus.
715 5174 790 5229 Bene
802 5174 885 5245 ponit
899 5168 973 5230 duri·
1022 5173 1184 5230 videntibus
1199 5178 1228 5231 te
1243 5192 1345 5231 eorum
1360 5176 1483 5231 salntem
1498 5176 1739 5248 operariplacuit,
1755 5179 1787 5231 ut
1800 5179 1829 5232 ts

169 5260 330 5316 dusaostris.
341 5260 425 5326 Quasi
434 5262 527 5318 dicat:
540 5263 602 5317 b'on
615 5278 667 5333 per
676 5261 789 5317 somnia
800 5261 970 5332 audivimus,
1021 5279 1121 5319 verum
1140 5265 1231 5319 Deum
1248 5280 1308 5319 esse
1323 5268 1542 5336 cognoscerent,
1553 5268 1585 5320 ut
1599 5264 1718 5337 quidam
1725 5264 1828 5321 dixisse

170 5363 263 5417 neque
279 5364 331 5420 per
345 5349 542 5420 cogitationes,
563 5350 613 5405 sed
630 5350 749 5405 auribus·
765 5353 870 5419 nostris,
884 5351 913 5406 id
929 5355 972 5408 est
1020 5350 1174 5423 leguntur:
1191 5375 1205 5403 a
1218 5352 1280 5407 b'on
1295 5356 1337 5407 est
1351 5351 1423 5407 alius
1441 5355 1527 5420 Deus,
1544 5356 1652 5425 preater
1667 5352 1828 5409 Dominum

169 5435 325 5492 certissime
334 5437 485 5492 audiuimus
496 5455 503 5492 :
515 5439 549 5492 Et
563 5454 622 5494 non
634 5438 970 5512 audivimusaqualihns·
1019 5442 1112 5496 Deum
1135 5441 1220 5496 lsrael
1242 5443 1325 5502 (Dan.
1345 5458 1387 5514 m,
1405 5443 1459 5514 t7),
1477 5463 1492 5493 n
1507 5441 1568 5498 Dixi
1583 5440 1662 5515 quod
1676 5445 1776 5515 patres
1786 5440 1828 5500 sic

168 5533 280 5599 cunque
290 5522 488 5587 recitatoribus
503 5541 511 5587 t
527 5524 583 5587 Sed
593 5532 684 5608 patra
695 5529 790 5604 nostri,
804 5527 856 5588 riri
872 5532 969 5592 aucto·
1019 5529 1142 5592 sulcati.
1159 5531 1201 5594 Tu
1219 5546 1245 5595 tt
1259 5531 1371 5611 poenul
1381 5547 1430 5594 ces
1439 5530 1564 5611 sareu,
1575 5547 1700 5598 cerneus
1713 5537 1739 5597 cl
1753 5531 1829 5603 Desa
