3772 5976
66 317 119 386 908
551 316 729 384 suasuro
746 318 783 383 IN
801 316 969 385 astruas.
988 351 1025 372 -
1041 324 1138 389 eset.
1158 325 1239 390 evm
1480 377 1485 382 .
1670 319 1724 397 §pfl

103 443 171 507 Dico
186 441 265 521 quod
279 441 361 520 impii
373 441 410 501 sic
420 441 647 502 damnabuntur.
664 443 757 503 Justor
773 448 871 504 autem
883 449 911 513 Α
923 436 1027 522 corpus
1039 449 1110 523 ejus,
1122 451 1151 507 et
1165 449 1295 510 dicerent
1308 446 1385 526 plebi
1399 445 1466 528 quia
1479 450 1609 525 surrexit,
1631 453 1661 513 et
1684 455 1724 515 slo

67 534 872 612 quicunquelaetolr'tur,rumvideritvindictomimpiorum
922 536 952 591 in
968 554 1035 594 eum
1049 541 1165 597 credere
1181 542 1310 598 lacerent
1332 557 1391 597 nou
1416 542 1509 614 potuit
1534 544 1634 601 tamen
1656 563 1724 606 eum

66 626 232 683 hic.Nonde
244 623 660 695 vindictaquidemimpiorum
677 624 872 691 laetodilur,sed
922 624 1095 696 interficere,
1112 629 1194 684 idest
1209 631 1318 685 lamam
1326 629 1453 685 nominis
1464 630 1524 700 ejus
1531 633 1722 705 exstinguere.

67 713 342 779 deinnoeentiasua,
357 728 422 766 cum
439 712 475 766 de
496 712 556 782 ipsa
575 713 622 783 huj
629 713 740 768 asmodi
748 713 872 769 vindicta
921 714 983 785 lpse
999 732 1124 790 namque
1138 735 1196 773 non
1210 736 1227 774 a
1240 718 1369 790 discipuli
1382 719 1502 787 iuratus,
1518 720 1567 774 sed
1581 720 1626 776 die
1639 724 1724 781 tertia

67 803 274 875 noncapialur,
292 803 323 855 ut
334 801 498 872 supercidat
507 801 536 855 in
546 818 612 856 eum
624 802 699 873 ignis
710 802 873 857 excaecatio·
921 804 1019 874 palam
1032 807 1369 879 custodihnsperterritis
1384 807 1573 878 resurgendo,
1590 809 1625 865 ab
1642 811 1723 866 omni

66 889 870 963 nis,etcaeterasdamnationesquaeinimpiiscontingeut:
921 896 1007 963 gente
1022 894 1152 966 cognitus
1178 912 1230 967 per
1244 894 1485 967 glorificationem
1509 898 1725 957 resurrectionis

65 983 95 1035 et
104 981 305 1034 lovaditmonus
315 996 376 1032 suos
384 980 411 1032 in
420 981 549 1047 cooperire
553 980 710 1049 peccatoris,
726 979 756 1033 id
764 982 816 1046 est,
833 978 873 1034 ai-
921 983 1087 1047 samiolum
1099 983 1242 1039 muudum
1251 982 1388 1054 regimini
1398 999 1448 1038 suo
1457 967 1724 1057 203subjugavit

64 1067 205 1124 sectiones
216 1085 281 1123 suas
297 1067 449 1122 mundabit
461 1066 490 1120 in
505 1067 736 1123 consideratione
754 1069 871 1140 saugui-
921 1066 955 1120 Et
969 1070 1093 1124 multum
1109 1069 1227 1140 quidem
1241 1070 1372 1125 custodes
1387 1070 1424 1126 ad
1449 1072 1612 1143 sepulcrum
1627 1070 1722 1142 positi,

64 1157 120 1225 nis,
137 1157 167 1213 id
181 1156 336 1212 estmortis
351 1156 630 1228 peecatorum.Quod
639 1161 682 1212 est
691 1157 870 1212 dicere:Cum
921 1156 957 1210 ad
971 1155 1724 1232 resurreccioniseJ'ustestimoniumvaluerunt‚quan-'

64 1243 288 1303 consideraverit
298 1248 423 1300 mortem
439 1244 609 1315 peccatoris,
621 1245 701 1300 ethio
711 1246 869 1301 secuudum
920 1259 1008 1316 quam
1020 1247 1144 1317 pecunia
1157 1247 1295 1321 corrupti,
1324 1263 1391 1303 eum
1406 1264 1423 1302 a
1439 1247 1583 1321 discipulis
1595 1248 1723 1306 furatum

63 1333 637 1399 excaecationem‚etiufuturosecuudnm
650 1334 870 1389 damnationem
920 1347 990 1402 esse,
1002 1351 1064 1389 sese
1079 1335 1289 1391 dormientibus
1303 1335 1417 1392 mentiti
1432 1340 1507 1392 suut.
1523 1337 1653 1409 Namque
1670 1350 1723 1408 per

63 1438 100 1477 ue
116 1423 218 1494 etipse
234 1421 366 1476 similiter
378 1421 530 1488 moriatur,
544 1422 869 1478 mundabitatleetiones
919 1423 1090 1478 eorumdem
1103 1423 1254 1479 custodum
1270 1424 1424 1479 fallaciam.
1446 1424 1613 1481 ludaeorum
1628 1425 1724 1479 mani·

64 1527 141 1579 suas,
152 1512 183 1565 ut
197 1509 267 1564 nihil
282 1510 392 1580 peceati
407 1509 564 1565 criminalis
578 1514 723 1582 operetur.
743 1511 783 1566 Et
802 1511 870 1565 clicrt
919 1511 991 1567 leste
1002 1511 1110 1566 lalsitas
1120 1512 1224 1582 patuit,
1246 1511 1390 1567 Christum
1405 1512 1513 1567 seilicet
1526 1512 1575 1568 ubi
1585 1511 1637 1584 ipsi
1650 1511 1723 1569 falso

67 1616 167 1655 aecum
182 1599 283 1664 homo,
299 1600 322 1651 si
339 1605 376 1652 est
394 1599 510 1668 fractus,
522 1599 550 1653 id
566 1603 608 1654 est
619 1600 735 1663 utilitas,
745 1602 820 1672 justo
834 1599 869 1654 de
920 1599 1113 1672 perhibebant
1146 1599 1175 1653 iu
1196 1603 1291 1654 morte
1308 1601 1459 1655 detentum
1475 1617 1534 1656 non
1553 1599 1649 1667 luisse,
1673 1600 1725 1657 sed

62 1688 175 1762 justitia
189 1704 250 1754 sua,
266 1690 297 1742 ut
312 1687 405 1758 magis
419 1705 435 1742 a
451 1690 508 1743 lieo
516 1687 699 1757 justificetur,
724 1690 802 1761 quod
815 1688 869 1743 uti·
920 1690 1019 1762 procul
1039 1689 1125 1745 dubio
1141 1690 1303 1745 surrexisse.
1319 1689 1391 1745 Cum
1403 1689 1481 1744 euim
1504 1690 1636 1744 custodes
1648 1705 1723 1761 pras·
1755 1678 1760 1684 ’

68 1793 124 1849 que
140 1779 203 1831 est:
220 1775 292 1830 Deus
304 1778 395 1847 utique
407 1783 444 1829 est
459 1775 596 1845 judicans,
614 1777 643 1831 id
658 1780 701 1832 est
728 1778 870 1834 damnans
884 1769 1014 1832 Bsentes
1028 1780 1132 1845 essent,
1152 1778 1188 1833 ad
1202 1779 1256 1832 hor
1267 1777 1395 1849 deputati
1410 1781 1441 1833 ut
1457 1778 1644 1841 custodirent,
1673 1778 1725 1833 uti·

65 1883 115 1923 eos
130 1864 244 1937 impius,
262 1863 431 1919 excaecando
448 1866 475 1918 in
491 1870 563 1919 terra
576 1865 630 1920 hac
646 1867 792 1937 praesenti,
809 1865 870 1921 arsi
921 1884 977 1938 que
991 1883 1021 1921 se
1037 1865 1197 1921 videntibus
1213 1882 1316 1938 corpus
1339 1866 1400 1937 ejus
1418 1867 1496 1920 furto
1521 1866 1649 1922 subtrahi
1665 1882 1724 1922 uon

65 1953 174 2010 diceret
192 1969 198 2007 ε
215 1952 381 2007 Cavendum
395 1956 437 2006 est
449 1952 519 2006 mihi
534 1969 551 2007 a
566 1953 677 2008 malitia
689 1970 868 2021 recrearer,
920 1954 1133 2025 permitterent.
1152 1952 1182 2007 Si
1192 1969 1257 2008 vero
1272 1952 1311 2007 eis
1323 1952 1533 2008 dormientibus
1548 1951 1677 2024 discipuli
1687 1949 1724 2006 ad

64 2059 134 2098 nam
148 2058 213 2096 rere
233 2057 390 2096 excaecarer
404 2057 421 2094 a
436 2043 504 2095 Deo.
522 2040 603 2105 Quod
620 2044 713 2115 potest
725 2060 777 2116 per
792 2043 870 2098 simi·
920 2042 994 2097 illud
1008 2042 1164 2097 iurandum
1180 2042 1373 2109 accessissent,
1393 2057 1458 2096 cum
1474 2041 1545 2113 lapis
1564 2038 1725 2114 supraposi-

63 2133 91 2187 le
107 2130 207 2186 videri.
226 2129 372 2184 Namcum
386 2128 478 2200 justus
493 2145 545 2199 pro
557 2129 669 2200 justitia
683 2148 733 2185 sua
748 2132 871 2203 magisa
920 2131 965 2183 tus
989 2128 1050 2184 sine
1064 2129 1189 2185 tumultu
1207 2128 1313 2183 auferri
1328 2144 1345 2183 a
1360 2127 1503 2200 discipulis
1531 2143 1591 2182 non
1617 2128 1723 2200 posset,

64 2222 124 2276 lieo
136 2218 318 2291 justificetur,
334 2217 431 2290 utique
446 2217 551 2288 impius
573 2234 625 2289 pro
654 2219 803 2290 impietate
818 2237 870 2276 sua
920 2217 1021 2290 utique.
1031 2219 1156 2273 tumultu
1173 2216 1286 2272 excitati
1301 2216 1431 2272 fuissent.

64 2311 233 2374 excaecatur,
246 2310 277 2362 ut
289 2306 321 2361 in
336 2307 432 2361 tuturo
448 2307 508 2361 sine
534 2306 592 2360 fine
617 2308 781 2363 damnetur.
812 2310 869 2364 Hoc
956 2306 1222 2373 Concedaturvero,
1237 2305 1303 2360 licet
1326 2305 1445 2361 omnino
1457 2304 1560 2360 falsum
1576 2303 1623 2373 sit,
1640 2302 1723 2359 disci·

64 2401 163 2452 autem
184 2394 251 2450 dicit
267 2394 303 2449 ad
334 2394 554 2449 instructionem
579 2398 720 2464 nostram,
746 2399 777 2450 ut
802 2414 869 2452 cum
920 2396 1002 2466 pulos
1015 2395 1076 2449 sine
1083 2396 1215 2487 prunum
1228 2393 1355 2465 lapidem
1371 2393 1496 2465 potuisse
1507 2394 1724 2462 revolvere,nec

63 2483 283 2557 cognoverimus
295 2483 404 2554 justum
429 2500 481 2554 pro
506 2482 617 2554 justitia
641 2502 691 2539 sua
709 2485 869 2556 justificari,
920 2485 1018 2537 tamen
1035 2482 1131 2538 minus
1146 2482 1297 2537 custodum
1324 2481 1431 2536 salsitas
1458 2481 1617 2553 apparebit.
1642 2482 1724 2538 Unde

63 2572 188 2645 impium
206 2576 304 2627 autem
319 2588 371 2643 pro
387 2571 536 2641 impietate
563 2573 710 2640 excaecari,
735 2573 868 2646 impieta·
921 2589 1047 2644 namque
1063 2572 1156 2626 sciunt
1170 2587 1273 2642 corpus
1288 2571 1349 2641 ejus
1361 2572 1538 2625 subtractum
1555 2569 1723 2628 fuisseiumo

63 2664 124 2716 tem
140 2661 294 2733 fugiamus,
309 2663 338 2713 et
357 2659 475 2730 justitiae
505 2660 712 2716 adhaereamus.
739 2663 788 2717 Vel
815 2663 869 2718 hoe
919 2677 984 2715 cum
997 2677 1025 2714 se
1037 2659 1207 2732 perhibeant
1220 2663 1288 2714 tunc
1303 2658 1531 2731 temporisiuisse
1547 2674 1649 2729 sopore
1657 2676 1723 2731 gra·

63 2749 129 2805 ideo
146 2748 214 2803 dicit
229 2752 260 2802 ut
267 2750 414 2802 removeat
425 2746 494 2802 illud
514 2749 592 2821 quod
607 2749 725 2821 quidam
747 2750 869 2822 opinan-
919 2751 999 2803 vatos
1012 2747 1172 2819 ‘lSieigitur
1184 2748 1354 2803 eorumdem
1372 2746 1662 2802 falsissimosermoue
1673 2746 1724 2802 de·

40 2893 45 2899 ,
65 2840 123 2904 tur,
138 2836 245 2891 scilicet
265 2835 344 2907 quod
359 2840 490 2891 asserunt
515 2838 627 2891 nullum
643 2838 673 2892 in
687 2837 742 2893 hoc
759 2839 868 2895 mundo
919 2837 1059 2911 prehendi
1067 2839 1170 2909 potest,
1187 2852 1254 2890 eum
1267 2835 1302 2889 dc
1313 2835 1443 2905 sepulcro
1459 2834 1623 2889 surrexisse.
1640 2832 1723 2897 Quod

64 2924 226 2996 quidquam
242 2923 411 2978 detrimenti
422 2924 481 2995 pati
492 2923 602 2994 judicio
627 2927 656 2979 et
680 2925 868 2998 dispositione
920 2927 1081 2998 sepulcrum
1098 2924 1200 2978 domus
1214 2923 1275 2994 ejus
1290 2921 1723 2993 dieitur,uonquodineolongo

64 3012 126 3080 Dei,
140 3010 190 3067 sed
206 3012 305 3067 omnia
318 3028 384 3065 casu
394 3011 574 3083 contingere.
879 3047 903 3107 C
919 3018 1060 3084 tempore,
1077 3010 1403 3083 sedquodparvospatio
1415 3026 1518 3081 corpus
1527 3010 1590 3081 ejus
1604 3009 1634 3065 in
1650 3026 1727 3082 pace*

303 3101 337 3154 lN
354 3099 515 3154 PSALNUN
529 3100 617 3154 LVlll.
919 3102 1035 3175 quievit.
1052 3100 1216 3154 Notandum
1230 3101 1327 3153 autem
1339 3098 1416 3170 quod
1430 3098 1485 3152 hoc
1501 3098 1536 3152 de
1547 3098 1643 3154 futuro
1658 3115 1723 3170 pro·

98 3187 207 3243 Titulus
222 3187 454 3259 quinquagesimi
468 3188 606 3243 octavidn
615 3190 694 3258 finem
704 3208 866 3246 nerorrum-
918 3192 1005 3264 pheta
1018 3188 1138 3259 intelligi
1154 3187 1252 3253 voluit,
1268 3187 1333 3241 licet
1343 3186 1456 3240 titulum
1466 3186 1721 3258 moreprophetico

59 3294 122 3349 pos,
139 3277 286 3348 r'psiDorid
296 3280 324 3331 in
334 3277 589 3348 titutir'nsrrqstione,
603 3280 709 3350 parando
720 3283 791 3335 misit
800 3280 870 3336 Saul
919 3278 1062 3352 praeterite
1074 3275 1211 3349 posuerit.
1224 3275 1295 3330 Nobi
1304 3274 1466 3345 autemjam
1477 3275 1658 3347 praeteritum
1667 3277 1720 3330 est.

63 3366 100 3419 od
126 3364 323 3420 custodiendam
350 3366 456 3419 domum
485 3368 551 3437 rjus,
574 3369 775 3437 utirrte1·ficeret
796 3387 865 3425 euin.
917 3366 1015 3422 Notari
1031 3363 1316 3435 ctiampolestquod
1339 3363 1368 3417 in
1384 3362 1473 3417 tribus
1503 3362 1590 3418 titulis
1616 3363 1721 3436 posuit,

62 3455 145 3519 Quod
156 3455 194 3508 sic
206 3453 359 3524 exponitur
375 3471 381 3507 :
400 3455 529 3509 Psalmus
545 3454 595 3510 iste
611 3459 653 3510 est
671 3457 824 3529 respiciens
840 3461 868 3512 in
918 3473 950 3510 ne
971 3455 1116 3526 disperdas,
1145 3455 1189 3508 vel
1204 3467 1358 3523 corrumpas
1383 3451 1413 3505 in
1434 3451 1508 3506 tituli
1522 3452 1722 3522 inscriptione,

60 3543 152 3613 finem,
164 3543 193 3595 id
209 3545 251 3595 est
261 3541 290 3596 in
304 3542 458 3609 Christum,
476 3543 632 3597 adhortans
658 3544 700 3598 sui
724 3545 868 3600 evidentia
918 3547 1036 3615 propter
1048 3539 1505 3611 triageneralinguarum,quibus
1516 3540 1725 3594 omnihustitu-

61 3647 95 3684 ne
107 3633 139 3684 tu
150 3628 312 3701 quicunque
323 3647 475 3701 corrumpas
495 3630 594 3698 David,
608 3631 687 3686 idest
710 3632 866 3704 Christum,
918 3632 960 3685 lus
975 3630 1095 3702 scriptus
1106 3631 1158 3695 est,
1179 3627 1317 3699 posuisse.
1334 3626 1462 3697 Scriptus
1487 3642 1612 3697 namque
1636 3627 1722 3682 luisse

61 3716 220 3771 auferendo
234 3718 284 3787 ipsi
296 3734 418 3788 regnum
436 3722 576 3788 quantum
592 3718 629 3772 ad
641 3721 679 3776 te.
691 3718 725 3772 In
740 3721 814 3775 tituli
828 3723 868 3774 in·
918 3715 1317 3790 legitur,llehraice,Groeceel
1327 3712 1722 3785 Latine(doan.xrx,20).Cum

59 3807 201 3875 arreptione
215 3805 291 3858 laeta
306 3805 358 3875 ipsi
371 3805 457 3859 David
472 3808 660 3862 commutata.
681 3808 811 3871 Quodest
827 3809 867 3863 di·
916 3805 1004 3878 igitur
1016 3807 1061 3858 ter
1079 3803 1171 3875 ponit,
1188 3819 1219 3855 ne
1234 3817 1400 3871 corrumpar,
1421 3800 1516 3854 innuit
1532 3800 1561 3854 in
1577 3802 1655 3855 nulla
1670 3802 1721 3856 ha-

60 3909 126 3949 cere
139 3910 145 3948 :
160 3893 200 3947 Ne
212 3909 381 3963 corrumpas
397 3910 463 3948 eum
477 3896 685 3951 commutando
704 3897 866 3971 inscriptio·
917 3909 981 3948 rum
994 3891 1254 3961 triumlinguarum
1261 3888 1377 3943 titulum
1390 3886 1635 3957 corrumpendum
1650 3904 1720 3944 esse.

59 3998 129 4037 uem
141 3981 226 4048 tituli,
247 3999 310 4052 quae
326 3980 453 4036 aillrmat
468 3983 560 4054 ipsum
584 3987 866 4059 regemesse,qu0d
916 3979 1081 4035 Notandum
1107 3994 1220 4050 quoque
1249 3976 1395 4047 psalmum
1423 3976 1509 4030 istum
1539 3991 1598 4029 nou
1615 3975 1721 4045 apertis

60 4086 161 4125 verum
171 4073 229 4124 est:
248 4070 314 4124 bico
330 4087 362 4123 ne
374 4087 528 4143 corrumpas
542 4073 646 4127 eumin
657 4076 865 4130 commutando
916 4068 1009 4124 verbis
1024 4066 1171 4123 adhortari
1187 4067 1325 4120 lectorem
1343 4080 1379 4117 ne
1403 4066 1580 4135 corrumpat,
1597 4064 1647 4118 sed
1659 4063 1721 4135 ipsa

61 4158 123 4229 ejus
136 4156 638 4230 inscriptionemqncndomisilsaul,
654 4161 867 4234 idestquando-
916 4157 958 4212 sui
970 4154 1147 4210 evidentiaet
1161 4151 1400 4207 devotioneCum
1412 4151 1545 4206 enimhic
1557 4151 1722 4207 Dominicus

61 4236 192 4310 quidem,
208 4237 262 4291 hoc
278 4237 411 4308 estquod
426 4237 558 4293 ludaicus
586 4242 706 4312 populus
722 4242 801 4297 misit
816 4259 864 4297 eu·
915 4244 1047 4300 homode
1056 4241 1241 4297 conversione
1250 4241 1381 4311 gentium
1390 4239 1720 4310 etdispcrsioneludaro·

59 4325 157 4380 sbodes
167 4324 317 4379 militesud
331 4326 529 4380 rrrstodiendnm
543 4328 652 4382 dorrrum
682 4330 747 4399 rjus,
778 4331 807 4386 id
823 4330 902 4388 estD
916 4349 994 4399 rum,
1007 4329 1179 4386 etiufiuede
1188 4327 1539 4398 salvationereliquiarum
1550 4329 1633 4382 lsrael
1641 4331 1718 4399 agat,

59 4415 223 4484 sepulcrum
241 4421 270 4466 ut
286 4431 344 4466 eum
359 4416 524 4483 interficeret,
537 4418 694 4471 seeundum
712 4420 820 4474 lamam
837 4424 866 4475 et
916 4425 945 4475 et
960 4420 1048 4474 etiam
1062 4418 1097 4472 de
1112 4435 1163 4471 sua
1175 4415 1394 4480 resurreetione,
1409 4431 1461 4486 per
1476 4432 1562 4485 quam
1579 4416 1640 4469 har
1656 4432 1719 4470 om-

58 4500 309 4571 houorem,quem
316 4501 380 4571 jam
391 4501 865 4563 interfeceratsecundumcarnem
915 4509 964 4563 nia
975 4507 1154 4577 contingent,
1168 4521 1220 4574 pro
1237 4503 1408 4557 certodatur
1422 4502 1542 4574 intelligi
1559 4504 1651 4558 lieret
1661 4504 1720 4559 Sal·

59 4589 90 4641 et
104 4590 202 4641 lamen
219 4588 347 4659 nequivit
362 4605 428 4643 eum
447 4590 485 4644 sic
512 4591 685 4647 interlicere.
707 4594 765 4648 lior
787 4596 862 4666 quod
915 4599 995 4651 rator
1009 4595 1173 4649 ludaeorum
1188 4595 1215 4645 et
1231 4590 1362 4663 galitiam
1374 4607 1443 4644 esse.
1457 4591 1491 4644 Et
1505 4608 1572 4645 cum
1589 4608 1654 4646 eum
1672 4609 1717 4646 re·

60 4674 190 4746 nequivit
202 4692 268 4729 eum
279 4675 513 4744 interficere,nou
526 4679 864 4738 haheturintitulo:sed
914 4701 981 4756 gem
995 4699 1055 4737 csso
1085 4681 1271 4749 intelligatur,
1298 4696 1356 4732 uon
1381 4695 1441 4732 csse
1473 4681 1717 4751 corrumpendam

57 4761 230 4833 intelligitur
240 4780 273 4817 ex
287 4766 410 4833 psalmo,
427 4766 474 4820 ubi
491 4767 559 4821 dicit
574 4767 603 4821 in
618 4768 673 4823 fine
690 4770 801 4839 psalmi,
817 4772 862 4841 so·
913 4770 1130 4842 inscriptionem
1149 4767 1231 4834 tituli,
1248 4784 1311 4838 quse
1328 4784 1394 4822 cum
1418 4781 1517 4838 regem
1535 4765 1645 4831 asserit,
1658 4783 1717 4821 ccr-

56 4857 115 4904 etus
134 4859 300 4923 errurcrptor
316 4870 399 4919 strecs,
415 4852 443 4907 id
459 4858 500 4908 est
516 4856 709 4912 resuscitator.
736 4859 862 4930 ldeoque
913 4860 1022 4915 tissime
1033 4856 1210 4931 probabitur.
1227 4855 1295 4909 Orat
1311 4858 1408 4909 autem
1420 4854 1449 4908 in
1460 4853 1600 4925 principio
1614 4853 1714 4922 psalmi

56 4939 95 4994 ad
106 4938 354 4994 corroborandum
375 4958 490 4995 causam
504 4945 654 5016 suppletur
674 4945 728 4999 hoc
739 4950 818 5000 extra
830 4948 861 5002 li·
913 4949 949 5003 de
969 4946 1188 5011 resurrectione,
1205 4961 1241 4998 ne
1257 4943 1286 4997 in
1302 4947 1396 4998 morte
1417 4942 1499 5012 juxta
1514 4941 1584 4994 velle
1602 4940 1714 4996 ludaeo-

56 5026 154 5094 brum,
168 5030 197 5081 et
211 5031 254 5081 est
269 5028 457 5100 aequipollens
472 5046 504 5084 ac
520 5031 542 5084 si
552 5031 659 5086 diceret
675 5050 681 5087 :
699 5034 760 5088 Nou
777 5035 863 5090 debes
912 5053 977 5093 rum
993 5035 1165 5098 detineatur,
1182 5049 1253 5104 quos
1267 5035 1366 5103 postea
1383 5029 1449 5083 dicit
1467 5045 1532 5082 eum
1547 5027 1713 5082 intersertu-

56 5116 864 5196 eumcorrumperedenegandoesseregemquandoqui-
911 5142 970 5191 ros,
986 5127 1014 5178 ct
1029 5123 1058 5177 iu
1074 5124 1168 5177 morte
1182 5120 1312 5174 detinere
1325 5120 1482 5189 putaturos.
1501 5115 1569 5170 Orat
1580 5115 1668 5170 ctiam
1679 5117 1715 5171 dc

61 5203 128 5258 dem
141 5205 262 5274 apparet
277 5220 343 5257 eum
352 5206 593 5276 regemomnium
608 5225 679 5264 esse.
691 5210 863 5267 Cumhorsit
912 5214 1002 5268 salute
1018 5211 1149 5284 gentium
1166 5206 1436 5270 convertendarum,
1446 5206 1474 5257 et
1488 5203 1717 5273 concessireagit

56 5291 135 5364 quod
149 5290 281 5345 luduicus
299 5293 420 5363 populus
434 5294 532 5347 volens
551 5311 618 5349 eum
645 5297 817 5368 interficere,
834 5301 863 5356 id
913 5303 949 5357 de
963 5300 1138 5372 dispersione
1153 5297 1328 5361 ludaeorum,
1353 5296 1460 5347 etorat
1487 5292 1627 5345 desalute
1649 5293 1716 5346 reli-

56 5382 109 5446 est,
127 5379 236 5432 lamam
253 5383 282 5433 et
295 5380 437 5436 honorem
455 5382 580 5437 nominis
596 5384 656 5453 rjus
671 5387 862 5456 exstinguere,
913 5391 1046 5463 quiarum
1060 5388 1089 5441 iu
1105 5387 1161 5440 hue
1179 5382 1280 5438 muudi
1296 5380 1566 5436 convertendarum.

56 5467 136 5523 misit
152 5467 283 5522 custodes
299 5468 404 5524 milites
419 5469 455 5522 ad
466 5470 688 5526 custodiendum
700 5476 863 5546 sepulcrum
949 5480 1031 5549 Eripe
1046 5493 1087 5530 rur
1097 5475 1129 5527 de
1148 5474 1261 5526 inirru'rr'r
1281 5473 1354 5537 meis,
1378 5470 1450 5524 Deris
1469 5485 1551 5522 meets.
1577 5469 1657 5532 Quod
1674 5473 1717 5523 est

57 5555 156 5615 dicens
168 5555 256 5630 quod,
271 5555 324 5610 uisi
338 5557 539 5627 custodiretur,
556 5558 685 5631 discipuli
696 5561 863 5621 furarentur
917 5567 1012 5624 dicere
1027 5582 1033 5622 :
1051 5564 1122 5619 Cum
1136 5561 1267 5618 omnium
1275 5558 1393 5630 Drures,
1409 5575 1481 5616 meur
1498 5556 1660 5632 specialiter
1675 5575 1734 5630 es„

219 5655 337 5714 Parnou.
360 5652 436 5711 Ghll.
1559 5657 1604 5706 'aa
