3772 5970
20 362 23 367 Ι
107 272 160 331 tls

534 275 564 333 S.
580 276 754 335 BRUNONIS
767 274 1087 336 mnruuslalloflnu
1106 278 1339 339 lNSTl'lUTOltlS

1717 287 1768 340 148

104 395 185 466 dem,
194 396 384 456 substantiam
390 399 432 455 rei
439 399 468 454 in
477 400 590 457 Coesarii
598 401 787 475 descriptione
795 401 952 475 repeririA
966 402 1100 461 Chronici
1110 408 1227 461 auctore
1235 422 1382 479 anonymo
1395 407 1619 479 suppeditatam,
1634 407 1774 468 alliciunt,

106 485 201 542 sedin
216 504 273 560 quo
284 488 431 556 consistat,
439 506 497 546 non
507 491 638 564 explicat.
650 492 761 548 Deinde
769 493 866 548 statim
878 492 914 547 de

106 573 328 632 circumstantiis
340 578 449 635 subdit:
466 579 549 644 «Qua
565 580 837 652 (descriptionelctsi
855 598 914 637 non

105 681 120 713 a
136 679 238 719 omnes
253 666 403 739 adaequate
419 667 647 725 circumstantias
666 675 714 726 eat
730 687 913 744 expressum,

105 770 120 802 a
137 768 388 811 cumannumnon
403 756 562 830 consignet,
580 777 632 814 nee
650 758 806 832 specialem
819 759 915 815 Calliae

105 862 121 893 »
137 842 243 912 locum,
256 843 358 916 quihus
371 844 426 901 ista
439 863 503 919 quae
516 848 607 903 refert
619 852 787 905 evenerunt.
804 849 858 904 «Et
874 864 916 903 eae

105 932 414 1002 suntcircumstautiae,
429 936 517 992 etiam
532 953 550 991 a
566 937 694 993 Launoio
712 941 829 1006 notatae,
846 954 917 1011 quas

104 1019 260 1076 Saussaeius
272 1024 441 1078 summatim
457 1024 486 1079 in
503 1026 616 1081 Caesarii
630 1027 821 1100 descriptione
837 1043 916 1100 pers-

103 1108 193 1182 tringi
213 1111 324 1180 asserit,
339 1129 407 1167 cum
427 1115 590 1187 paulopost
608 1115 688 1171 dicit:
701 1115 918 1170 «Nihilominus

103 1219 119 1250 s
136 1202 231 1255 totum
260 1199 328 1255 dicit
356 1201 513 1274 (Caesarius)
537 1220 604 1258 cum
628 1203 657 1258 id
670 1207 766 1259 actum
782 1204 811 1258 iu
826 1220 917 1275 regno

104 1286 264 1342 »Francia
288 1292 405 1357 asserat,
434 1307 487 1345 nec
513 1307 564 1347 suo
592 1294 735 1364 tempore,
764 1292 814 1347 scd
839 1296 917 1358 ante,

105 1392 158 1450 per
171 1378 290 1433 verbum
305 1395 377 1448 rurr,
395 1378 462 1434 satis
477 1379 625 1435 evidenter
636 1380 787 1453 significet.
800 1402 814 1430 a
827 1380 920 1452 lgitur

104 1481 157 1537 per
171 1468 233 1522 hoec
253 1456 341 1523 verba
358 1484 364 1523 :
383 1468 519 1523 «Totum
547 1468 625 1536 dicit,
642 1490 656 1518 o
683 1473 750 1535 etc,
782 1469 919 1540 intelligit

106 1554 261 1612 Saussaeius
290 1556 521 1612 circumstantias
551 1558 623 1625 illas,
651 1575 721 1631 quas
742 1559 827 1630 paulo
850 1560 918 1612 ante

107 1642 219 1700 dixerat
231 1635 248 1701 a
261 1644 383 1701 Caesario
406 1661 464 1700 non
481 1663 541 1700 esse
560 1668 574 1696 ι(
590 1646 741 1718 adaequate
759 1663 917 1717 expressas,

966 496 1082 565 atquea
1098 495 1275 563 narratione,
1296 495 1330 550 de
1347 495 1493 562 defuncto,
1511 497 1559 568 qui
1579 496 1688 568 pariter
1715 512 1775 551 sese

965 582 1137 639 damnatum
1151 600 1166 638 e
1180 583 1287 639 feretro
1303 582 1474 638 vociferatus
1484 585 1529 652 sit,
1542 585 1690 640 aCaesario
1700 584 1777 638 exhi-

964 670 1035 738 bita,
1053 672 1168 739 absunt,
1186 672 1289 727 merito
1305 671 1387 744 argui
1409 689 1468 726 nou
1495 689 1588 744 posse,
1614 674 1659 728 vel
1674 689 1775 727 narra·

964 758 1076 814 tionem
1104 761 1243 816 Antonini
1273 777 1323 815 seu
1357 762 1497 832 anonymi
1524 778 1591 816 cum
1618 761 1778 816 substantia

966 848 1141 904 narrationis
1155 848 1269 905 Caesarii
1284 866 1427 922 pugnare,
1448 849 1492 904 vel
1505 850 1683 922 prodigium,
1699 850 1779 922 quod

965 937 1050 1008 hujus
1065 939 1272 1009 argumentum
1297 939 1350 1003 est,
1372 937 1548 1010 aprodigio,
1577 939 1654 1011 quod
1670 938 1719 993 illa
1741 937 1777 994 oh

967 1026 1064 1080 oculos
1078 1026 1206 1097 ponitur,
1224 1026 1341 1081 indubie
1355 1043 1416 1080 esse
1436 1026 1589 1081 diversum.
1606 1026 1681 1091 Quid
1699 1027 1778 1081 enim

968 1114 1061 1185 magis
1072 1113 1199 1181 obvium,
1226 1131 1313 1185 quam
1339 1114 1416 1169 iacta
1438 1114 1574 1170 historica
1599 1114 1740 1181 invenire,
1762 1132 1779 1169 a

968 1202 1085 1258 diversis
1100 1202 1286 1276 scriptoribus
1310 1204 1412 1270 relata,
1429 1220 1505 1274 qua,
1529 1203 1660 1276 quamvis
1675 1203 1779 1258 cadem

968 1291 1034 1358 sint,
1052 1289 1194 1361 adjunctis
1214 1293 1314 1345 tamen
1331 1291 1366 1345 ab
1382 1308 1451 1358 uno,
1468 1308 1532 1363 quae
1548 1292 1583 1346 ab
1610 1291 1665 1346 alio
1691 1292 1779 1346 subti-

968 1383 1079 1449 centur,
1093 1380 1151 1434 sint
1166 1379 1291 1434 ornata?
1303 1380 1359 1435 Nec
1367 1382 1468 1435 estem·
1480 1379 1509 1434 id
1521 1380 1627 1435 mirum
1638 1380 1780 1449 videatur,

969 1483 1034 1532 cum
1052 1484 1112 1522 non
1128 1483 1194 1522 raro
1208 1467 1268 1535 fiat,
1286 1470 1317 1522 ut
1332 1483 1406 1534 rem,
1421 1485 1508 1539 quam
1520 1469 1593 1522 alter
1608 1467 1680 1535 fuse,
1697 1467 1782 1522 nullis

969 1557 1054 1627 plane
1080 1556 1151 1627 ejus,
1173 1558 1223 1611 aut
1246 1560 1323 1611 certe
1349 1557 1446 1628 paucis
1469 1556 1617 1624 duntaxat,
1638 1555 1783 1627 adjunctis

969 1644 1091 1711 omissis,
1108 1644 1248 1717 exposuit,
1265 1647 1339 1699 alter
1353 1645 1527 1719 compendio
1537 1648 1650 1701 tanturn
1662 1645 1781 1714 reserat,

105 1752 121 1785 >v
136 1749 202 1789 cum
227 1750 337 1790 annum
352 1752 412 1789 non
426 1734 587 1806 consignet,
613 1751 666 1789 nec
681 1735 835 1807 specialem
854 1734 917 1789 Gal·
933 1725 1105 1789 Bomnibus
1121 1733 1181 1787 lere
1198 1732 1340 1804 adjunctis
1356 1734 1506 1788 nudatam.
1518 1735 1579 1789 lmo
1591 1750 1657 1789 vero
1674 1749 1711 1788 ne
1722 1733 1784 1806 qui·

106 1843 121 1872 ι
136 1823 184 1878 lica
198 1824 305 1890 locum,
318 1844 332 1872 o
348 1826 401 1878 etc.
419 1823 469 1877 llic
490 1826 532 1878 est
548 1840 630 1879 verus
643 1841 675 1878 ac
691 1824 818 1879 sincerus
833 1823 918 1879 Saus·
970 1822 1038 1877 dem
1054 1837 1087 1875 ex
1104 1821 1246 1892 adjunctis
1273 1823 1349 1879 inter
1372 1840 1402 1878 se
1428 1823 1624 1895 pugnantibus
1649 1840 1703 1878 nec
1725 1824 1785 1878 ulla

51 1908 55 1914 ’
106 1911 166 1968 smil
180 1913 336 1968 verborum
360 1929 470 1979 seusus,
486 1930 610 1986 quorum
627 1913 766 1975 ordinem¹
777 1913 920 1968 Launoius
970 1909 1127 1965 rationein
1149 1911 1335 1967 concordiam
1360 1912 1454 1967 vocari
1480 1912 1553 1967 netis
1569 1912 1651 1984 argui
1667 1928 1784 1983 semper

107 2000 234 2069 invertit,
248 2004 279 2056 ut
288 2017 323 2055 ea
337 2001 519 2057 commodius
538 2002 665 2057 insuam
682 2001 857 2058 sententiam
873 2000 921 2056 de·
971 2001 1075 2069 potest,
1093 2000 1283 2067 narrationes,
1300 1999 1441 2073 inquibus
1455 2001 1516 2056 haec
1533 2005 1697 2068 occurrunt,
1708 2001 1785 2057 circa

106 2088 921 2162 torqueret,iaciliusquelectoripersuaderet,Saussaeium
972 2102 1018 2140 res
1032 2085 1139 2141 versari
1155 2087 1289 2142 diversas.
1307 2087 1530 2143 Constantinum
1546 2089 1682 2161 lllagnum
1693 2089 1785 2161 impe·

108 2177 299 2232 substantiam
317 2177 359 2232 rei
375 2178 405 2232 in
427 2194 462 2233 co
479 2179 616 2250 posuisse,
642 2201 656 2228 «
680 2177 763 2242 Quod
785 2177 922 2233 Casarius
972 2177 1111 2241 ratorem,
1123 2171 1155 2229 vit
1170 2174 1287 2230 militari
1300 2176 1393 2248 signo,
1411 2176 1439 2231 in
1456 2176 1545 2230 crucis
1560 2176 1682 2231 modum
1697 2176 1784 2231 ellor-

108 2284 123 2316 s
140 2265 305 2338 prodigium
329 2268 425 2321 actum
451 2265 481 2321 in
506 2283 599 2339 regno
631 2266 767 2334 Francia,
794 2283 848 2322 nec
871 2281 921 2321 suo
973 2265 1063 2330 mato,
1080 2263 1109 2318 in
1126 2264 1249 2318 exercitu
1266 2265 1400 2319 adversus
1420 2264 1593 2319 Maxentium
1618 2266 1784 2336 praeliaturo

109 2355 513 2427 »temporeactumrcierat
531 2375 545 2405 o
973 2351 1113 2416 uteretur,
1142 2350 1276 2406 divinitus
1303 2351 1332 2405 in
1367 2351 1476 2406 somnis
1506 2351 1651 2407 monitum
1677 2351 1785 2419 luisse,

145 2445 209 2498 250.
238 2464 252 2493 α
267 2440 325 2497 Sub
340 2443 431 2498 tinem
454 2442 585 2514 ejusdem
614 2443 807 2500 conclusionis
823 2443 923 2515 capitis
973 2437 1135 2493 Firmanius
1150 2439 1312 2495 lactantius
1327 2440 1404 2512 apud
1418 2441 1562 2494 baluzium
1575 2441 1624 2495 lib.
1641 2457 1661 2494 rr
1675 2440 1784 2496 ldisccl·

109 2530 188 2587 tertii
211 2547 325 2586 rursum
340 2530 482 2586 Launoius
499 2531 665 2599 Caesarium‚
680 2531 737 2587 sive
748 2531 843 2604 potius
858 2532 925 2586 Car·
973 2527 1136 2594 laneorum,
1151 2544 1218 2599 pag.
1236 2530 1269 2583 ³7
1285 2528 1435 2585 memorie
1461 2528 1567 2599 prodit.
1594 2529 1673 2583 ldem
1695 2529 1786 2583 etiam

110 2619 271 2674 thusienses
287 2636 321 2674 ex
336 2618 458 2674 Caesada
476 2620 654 2692 aggreditur,
679 2637 745 2676 cum
761 2638 794 2676 ex
819 2620 923 2675 eodem
974 2614 1042 2669 lacit
1056 2615 1085 2670 in
1107 2614 1171 2670 Vita
1186 2616 1316 2687 ejusdcm
1341 2616 1521 2672 Constantini
1549 2617 1600 2670 lib.
1627 2634 1645 2683 r,
1668 2633 1732 2688 cap.
1751 2621 1786 2674 29

113 2704 481 2763 Caesariitractatuduoase
492 2708 665 2780 deprompta
673 2708 924 2780 exemplaintegre
974 2703 1119 2759 Eusebius.
1136 2704 1242 2760 Verum
1266 2705 1295 2760 in
1318 2708 1460 2776 tempore,
1479 2722 1535 2778 qno
1560 2705 1629 2760 visio
1645 2705 1694 2760 illa
1710 2706 1785 2761 Con·

116 2793 260 2862 describit,
282 2795 433 2868 exquibus
452 2798 512 2851 vult
528 2796 662 2851 «otiosos
685 2797 818 2852 homines
833 2811 924 2851 unum
974 2793 1102 2848 stantino
1118 2793 1204 2848 luerit
1217 2795 1324 2862 oblata,
1347 2793 1431 2848 binos
1451 2794 1528 2848 inter
1545 2794 1699 2866 scriptores
1722 2794 1787 2850 illos

112 2900 128 2933 v>
140 2883 802 2957 contlasseprodigium,quodCarthusianorum
810 2885 924 2940 initium
975 2880 1248 2937 minimeconvenit.
1260 2883 1329 2936 Eam
1343 2881 1422 2937 enim
1437 2883 1599 2937 Lactantius
1613 2899 1679 2938 eum
1688 2887 1785 2952 nocte,

112 2992 127 3023 »
143 2973 212 3041 tale,
228 2973 313 3045 quale
328 2990 405 3028 nune
419 2993 433 3022 »
450 2973 566 3039 excutit,
588 2973 646 3028 sive
662 2979 795 3030 excutere
811 2974 922 3041 nititur,
974 2969 1160 3025 commissam
1186 2970 1231 3025 die
1251 2973 1284 3026 27
1311 2970 1441 3026 Octobris
1454 2971 1522 3025 anni
1543 2974 1595 3026 312
1611 2972 1648 3027 ad
1662 2975 1786 3044 pontem

113 3078 129 3110 v>
145 3059 274 3133 tingendi
286 3061 590 3133 causampraehuisse»
604 3063 764 3118 contendit.
777 3063 872 3117 Unum
882 3063 926 3116 est
972 3058 1081 3113 Tiberis
1096 3075 1236 3130 pugnam,
1251 3059 1280 3114 in
1289 3075 1347 3130 qua
1355 3058 1510 3114 Maxentius
1523 3058 1641 3126 interiit,
1653 3061 1786 3131 proxime

114 3148 263 3219 cujusdam
286 3148 417 3204 canonici
438 3149 614 3217 Parisiensis,
637 3151 685 3223 qui
712 3153 924 3223 postmortem
975 3163 1142 3219 praegressa,
1159 3147 1328 3218 conjungit;
1345 3147 1481 3202 Eusebius
1502 3163 1569 3201 vero
1593 3147 1636 3215 iis,
1654 3165 1719 3220 quae
1735 3148 1785 3203 lib.

114 3253 197 3292 suam
205 3237 432 3293 ethonorilicam
442 3239 620 3312 sepulturam
632 3238 727 3294 amico
743 3255 885 3311 apparens
894 3255 924 3293 se
975 3235 1010 3291 de
1019 3237 1082 3290 Vita
1090 3235 1270 3291 Constantini
1280 3236 1327 3290 cit.
1338 3253 1421 3309 capp.
1432 3239 1477 3304 28,
1485 3239 1518 3291 29
1529 3238 1558 3290 et
1569 3239 1602 3292 37
1611 3236 1718 3303 scribit,
1727 3253 1786 3293 non

114 3324 287 3380 damnatum
304 3325 454 3392 nuntiavit,
472 3342 506 3380 co
530 3327 608 3398 quod
628 3343 697 3381 vera
714 3327 768 3381 sibi
789 3327 925 3382 morienti
975 3325 1095 3380 obscure
1114 3323 1231 3392 indicat,
1255 3328 1323 3378 tunc
1347 3325 1465 3393 iactam,
1490 3341 1557 3380 eum
1581 3325 1788 3382 Constantinus

115 3411 249 3468 contritio
266 3413 410 3468 defuisset.
426 3414 556 3469 Alterum
570 3416 613 3468 est
626 3413 748 3469 hisoria
762 3414 820 3482 illa,
836 3430 925 3487 quam
975 3414 1068 3469 adhuc
1079 3412 1107 3466 in
1123 3413 1217 3468 Galliis
1232 3416 1316 3482 esset,
1331 3415 1513 3486 necdumque
1528 3414 1615 3486 Alpes
1627 3414 1656 3469 in
1671 3415 1786 3470 Maxen-

115 3500 258 3556 Launoius
272 3501 403 3574 superius
422 3502 546 3574 probare
569 3506 689 3557 conatus
714 3505 757 3558 est
782 3503 925 3559 diversam
973 3503 1048 3558 tium
1059 3519 1141 3557 arma
1157 3505 1298 3568 moturus,
1312 3503 1478 3575 trajecisset,
1495 3519 1527 3557 ac
1542 3502 1626 3575 proin
1638 3502 1786 3575 aliquanto

115 3604 176 3644 esse
200 3590 236 3644 ab
259 3590 399 3646 Antonini
418 3590 596 3646 narratione.
625 3589 692 3654 Quis
714 3608 773 3646 non
803 3592 926 3647 miretur
975 3591 1115 3662 temporis
1131 3592 1222 3662 spatio
1232 3594 1300 3645 ante
1310 3590 1416 3645 dictam
1431 3593 1557 3645 noctem.
1570 3594 1706 3663 Pugnant
1716 3608 1785 3662 ergo

115 3675 234 3733 Launoii
245 3678 403 3734 astutiam?
418 3680 478 3734 Duo
484 3679 582 3751 jungit
591 3696 655 3753 quae
666 3696 804 3751 magnam
816 3681 925 3736 habere
976 3681 1110 3735 Eusebius
1125 3684 1154 3735 et
1167 3680 1329 3735 Lactantius
1340 3679 1368 3733 in
1383 3679 1535 3750 adjunctis,
1549 3684 1578 3735 et
1590 3683 1702 3747 tamen,
1714 3680 1785 3735 duas

113 3763 307 3822 similitudinis
322 3767 495 3823 asllnitatem
511 3768 621 3835 asserit,
638 3771 669 3822 ut
684 3768 816 3824 subtilius
828 3770 925 3824 oculos
975 3770 1080 3824 horum
1092 3768 1264 3839 scriptorum
1280 3768 1459 3824 narrationes
1473 3769 1548 3823 circa
1563 3768 1686 3823 diversas
1702 3767 1788 3822 Cons-

113 3857 302 3928 mentemque
321 3842 436 3911 lectoris
458 3856 643 3928 perstringat.
671 3855 728 3911 Sed
757 3859 924 3912 constanter
976 3857 1087 3912 tantino
1102 3856 1211 3910 oblatas
1225 3856 1345 3912 visiones
1368 3857 1484 3924 versari,
1509 3860 1620 3910 certum
1646 3872 1704 3910 non
1733 3857 1785 3910 est.

114 3959 256 4015 negamus
269 3944 925 4016 aliquaminterduoillaexemplaintereedere
1011 3949 1073 4002 252.
1089 3943 1193 4000 tuliani
1207 3946 1351 4015 apostatae
1367 3944 1396 3997 in
1406 3944 1481 3999 bello
1497 3944 1648 3999 interitum
1657 3943 1787 3999 relerunt

113 4030 334 4085 similitudinem
361 4034 467 4103 practer
491 4048 647 4086 commune
674 4032 788 4103 utrique
813 4033 926 4089 homini
975 4033 1128 4106 scriptores
1143 4034 1266 4104 aequales
1277 4031 1511 4104 autsnbaequales
1522 4031 1623 4087 diversi
1636 4049 1643 4100 ;
1657 4031 1708 4086 sed
1717 4032 1788 4104 quot

115 4115 309 4174 damnationis
330 4117 545 4174 intortunium:
571 4123 621 4174 aut
637 4121 773 4175 «otiosos
792 4122 926 4179 homines
975 4123 1052 4177 hunc
1069 4123 1204 4177 eventum
1220 4120 1362 4193 adjunctis
1376 4120 1520 4175 seseinter
1535 4120 1787 4192 pugnantibusex·

114 4224 148 4263 ex
162 4206 206 4262 his
221 4207 333 4263 duobus
347 4207 496 4280 prodigiis,
513 4207 570 4263 sive
585 4208 673 4264 etiam
689 4227 722 4265 ex
737 4226 795 4266 uno
811 4214 925 4267 tantum
976 4209 1094 4265 ordanil
1115 4208 1160 4263 Ad
1179 4209 1251 4277 haec,
1269 4211 1300 4262 ut
1315 4208 1402 4263 etiam
1419 4224 1453 4262 ex
1468 4206 1541 4279 ipso,
1557 4207 1635 4279 quod
1658 4207 1705 4262 hic
1727 4211 1786 4263 tra·

113 4311 229 4351 causam
244 4312 369 4352 secessus
387 4296 478 4351 saneti
495 4297 637 4353 Erunonis
657 4297 771 4354 finxisse
793 4294 961 4372 progresE
974 4299 1271 4369 ctamus,argumento
1279 4297 1443 4368 exemplum
1451 4295 1787 4364 adducam,horrendum

113 4384 194 4440 sione
209 4385 358 4459 temporis,
374 4389 405 4439 ut
426 4386 485 4440 vult
501 4386 660 4455 Launoius;
686 4388 923 4461 quandoquidem
975 4386 1101 4443 doctoris
1115 4385 1246 4440 damnati
1261 4384 1426 4457 prodigium
1443 4383 1557 4455 publice
1567 4384 1788 4457 coramiugenti

114 4488 277 4545 anonymus
285 4473 331 4529 ille
345 4473 553 4530 Carthasiensis
564 4475 753 4547 [anonymum
764 4477 845 4532 illum
855 4478 921 4533 Car·

112 4560 556 4636 thusienseml,quiprimusrem
566 4564 678 4636 scriptis
690 4566 847 4634 mandavit,
858 4566 921 4639 ipso

114 4649 228 4706 Caesarii
236 4653 369 4725 tempore
376 4651 486 4719 vixisse,
495 4653 625 4724 superius
634 4654 920 4728 probavimus,aquo

112 4755 172 4794 non
187 4755 254 4795 vero
270 4757 288 4794 a
300 4739 432 4808 Caesario,
447 4739 495 4795 alii
509 4739 723 4799 Carthasieuses
745 4742 824 4798 citati
845 4742 919 4814 ejus·

112 4826 312 4883 demhistoriae
318 4828 516 4884 narrationem
528 4830 651 4885 mutuati
664 4832 740 4885 sunt.
753 4851 767 4880 »
777 4831 920 4888 Hactenus

109 4916 266 4972 Annalium
282 4916 527 4973 Carthasiensium
548 4917 613 4973 libri
628 4919 723 4990 quarti
742 4923 843 4974 auctor
856 4921 917 4976 lau-

110 4999 204 5073 datus,
221 5003 250 5059 in
267 5021 355 5077 quem
371 5020 448 5060 nunc
463 5006 616 5060 nonnullas
630 5007 804 5062 obervanda.

145 5095 208 5148 251.
233 5093 319 5149 Recte
347 5093 444 5167 itaque
466 5093 610 5166 imprimis
631 5096 733 5150 contre
758 5096 917 5152 Launoium

110 5181 269 5250 contendit,
286 5198 301 5237 e
317 5182 434 5238 diversis
455 5181 607 5255 adjunctis,
632 5199 695 5255 quae
720 5184 918 5239 narrationem

111 5266 147 5322 de
162 5267 309 5336 defuncto,
321 5270 369 5342 qui
382 5286 443 5326 sese
459 5270 642 5337 damnatum,
659 5286 674 5325 c
690 5270 797 5327 feretro
810 5273 919 5344 procla·

109 5355 206 5425 merit,
222 5358 258 5412 ab
285 5357 443 5427 Antonino,
467 5376 496 5414 se
520 5359 626 5431 potius,
653 5375 668 5413 c
692 5375 748 5430 quo
772 5360 818 5415 hic
838 5360 918 5417 illam

108 5439 214 5512 bausit,
234 5444 428 5517 aprimorum
453 5447 580 5520 quinque
605 5446 762 5503 Carthasim
785 5448 918 5506 Priorum

973 4476 1127 4533 hominum
1149 4472 1333 4529 multitudine
1349 4472 1513 4544 contigisse,
1534 4471 1710 4545 scriptores§
1721 4491 1748 4529 xi
1759 4476 1789 4530 ct

973 4582 1032 4637 seq.
1050 4561 1193 4630 recensiti,
1217 4561 1384 4629 affirmant3
1404 4561 1532 4631 privatos
1546 4564 1644 4616 autern
1661 4561 1690 4616 id
1711 4561 1788 4619 intra

972 4653 1076 4708 domus
1089 4650 1217 4708 defuncti
1241 4649 1366 4721 parietes
1378 4648 1515 4718 evenisse,
1533 4649 1644 4705 Codicis
1655 4650 1788 4706 ldetensis

971 4744 1072 4797 auctor
1091 4740 1167 4795 infra
1186 4738 1346 4794 laudandus
1369 4736 1474 4804 tradit3
1498 4739 1527 4792 at
1550 4737 1612 4809 quis
1633 4741 1788 4809 propterea

969 4829 1148 4902 prodigium,
1169 4826 1248 4900 quod
1263 4826 1308 4881 lric
1325 4828 1460 4892 narrat,a
1472 4825 1701 4898 prodigio,quod
1711 4826 1788 4884 illirc

973 4919 1082 4985 ferunt,
1094 4915 1197 4971 dixerit
1209 4932 1268 4970 esse
1280 4913 1443 4968 diversum?
1454 4912 1511 4967 Etsi
1521 4912 1628 4985 itaque,
1637 4916 1696 4969 tres
1708 4915 1788 4988 adeo

972 5009 1037 5061 tore
1053 5003 1205 5060 Parisiensi
1214 5001 1445 5067 vociferationes,
1458 5017 1580 5073 quarum
1590 5002 1685 5072 prima
1699 5003 1745 5058 hic
1757 5020 1786 5062 aa

968 5097 1146 5161 accusatum,
1166 5092 1291 5148 secunda
1305 5090 1468 5161 judicatum
1480 5105 1511 5143 ac
1520 5089 1601 5144 tertia
1613 5090 1787 5147 damnatum

969 5183 1131 5249 declararit,
1146 5182 1236 5237 trihus
1257 5177 1697 5235 diebusdiversisfuisseemissas
1712 5181 1786 5252 scrip

969 5274 1047 5327 tores
1060 5269 1192 5344 proxime
1209 5266 1317 5323 laudati
1341 5266 1429 5320 etiam
1447 5268 1623 5334 memorent,
1637 5267 1788 5357 clericum-

971 5374 1120 5433 quesuum
1135 5373 1184 5411 seu
1199 5357 1348 5411 doctorem
1363 5353 1448 5409 simul
1463 5354 1715 5426 etsemelacproin
1725 5373 1784 5412 uno

970 5445 1185 5520 eodemquedie
1195 5444 1402 5517 sejudieatum,
1417 5443 1645 5500 condemnatum
1657 5448 1744 5518 atque
1752 5444 1784 5501 in
