<?xml version="1.0" encoding="UTF-8"?>
<!DOCTYPE html PUBLIC "-//W3C//DTD XHTML 1.0 Transitional//EN"
    "http://www.w3.org/TR/xhtml1/DTD/xhtml1-transitional.dtd">
<html xmlns="http://www.w3.org/1999/xhtml" xml:lang="en" lang="en">
 <head>
  <title>
</title>
<meta http-equiv="Content-Type" content="text/html;charset=utf-8" />
  <meta name='ocr-system' content='tesseract 3.04.00' />
  <meta name='ocr-capabilities' content='ocr_page ocr_carea ocr_par ocr_line ocrx_word'/>
</head>
<body>
  <div class='ocr_page' id='page_1' title='image "./patrologiaecurs30unkngoog_0673.png"; bbox 0 0 3772 5970; ppageno 0'>
   <div class='ocr_carea' id='block_1_1' title="bbox 168 284 237 353">
    <p class='ocr_par' dir='ltr' id='par_1_1' title="bbox 168 284 237 353">
     <span class='ocr_line' id='line_1_1' title="bbox 168 284 237 353; baseline 0.014 -1"><span class='ocrx_word' id='word_1_1' title='bbox 168 284 237 353; x_wconf 79' lang='lat' dir='ltr'>laea</span> 
     </span>
    </p>
   </div>
   <div class='ocr_carea' id='block_1_2' title="bbox 468 279 1516 352">
    <p class='ocr_par' dir='ltr' id='par_1_2' title="bbox 468 279 1516 352">
     <span class='ocr_line' id='line_1_2' title="bbox 468 279 1516 352; baseline -0.009 0"><span class='ocrx_word' id='word_1_2' title='bbox 468 282 499 352; x_wconf 77' lang='lat' dir='ltr'>S.</span> <span class='ocrx_word' id='word_1_3' title='bbox 514 289 687 352; x_wconf 78' lang='lat' dir='ltr'>baubonis</span> <span class='ocrx_word' id='word_1_4' title='bbox 701 285 1017 349; x_wconf 71' lang='lat' dir='ltr'>CARTHUSIANDDUM</span> <span class='ocrx_word' id='word_1_5' title='bbox 1036 283 1269 344; x_wconf 82' lang='lat' dir='ltr'>rnsrrruroms</span> <span class='ocrx_word' id='word_1_6' title='bbox 1289 285 1366 344; x_wconf 82' lang='grc' dir='ltr'><strong>ΟΡΡ.</strong></span> <span class='ocrx_word' id='word_1_7' title='bbox 1386 283 1485 343; x_wconf 76' lang='lat' dir='ltr'><strong>PARS.</strong></span> <span class='ocrx_word' id='word_1_8' title='bbox 1504 279 1516 342; x_wconf 85' lang='lat' dir='ltr'>l</span> 
     </span>
    </p>
   </div>
   <div class='ocr_carea' id='block_1_3' title="bbox 1756 278 1822 341">
    <p class='ocr_par' dir='ltr' id='par_1_3' title="bbox 1756 278 1822 341">
     <span class='ocr_line' id='line_1_3' title="bbox 1756 278 1822 341; baseline -0.03 -1"><span class='ocrx_word' id='word_1_9' title='bbox 1756 278 1822 341; x_wconf 79' lang='lat' dir='ltr'>ran</span> 
     </span>
    </p>
   </div>
   <div class='ocr_carea' id='block_1_4' title="bbox 166 409 1823 497">
    <p class='ocr_par' dir='ltr' id='par_1_4' title="bbox 166 409 1823 497">
     <span class='ocr_line' id='line_1_4' title="bbox 166 409 1823 497; baseline -0.007 -18"><span class='ocrx_word' id='word_1_10' title='bbox 166 421 245 479; x_wconf 86' lang='lat' dir='ltr'>enim</span> <span class='ocrx_word' id='word_1_11' title='bbox 256 419 328 480; x_wconf 89' lang='lat' dir='ltr'>adeo</span> <span class='ocrx_word' id='word_1_12' title='bbox 344 426 457 480; x_wconf 87' lang='lat' dir='ltr'>sanctus</span> <span class='ocrx_word' id='word_1_13' title='bbox 475 423 505 480; x_wconf 93' lang='lat' dir='ltr'>in</span> <span class='ocrx_word' id='word_1_14' title='bbox 521 440 578 497; x_wconf 91' lang='lat' dir='ltr'>que</span> <span class='ocrx_word' id='word_1_15' title='bbox 592 423 662 479; x_wconf 87' lang='lat' dir='ltr'>nihil</span> <span class='ocrx_word' id='word_1_16' title='bbox 678 421 836 496; x_wconf 89' lang='lat' dir='ltr'>iniquitatis</span> <span class='ocrx_word' id='word_1_17' title='bbox 849 409 1008 476; x_wconf 60' lang='lat' dir='ltr'>inveniris&amp;</span> <span class='ocrx_word' id='word_1_18' title='bbox 1022 415 1199 473; x_wconf 86' lang='lat' dir='ltr'>Constituisti</span> <span class='ocrx_word' id='word_1_19' title='bbox 1208 432 1322 489; x_wconf 88' lang='lat' dir='ltr'>nempe:</span> <span class='ocrx_word' id='word_1_20' title='bbox 1332 414 1488 472; x_wconf 79' lang='lat' dir='ltr'>uDimittite</span> <span class='ocrx_word' id='word_1_21' title='bbox 1497 413 1675 472; x_wconf 87' lang='lat' dir='ltr'>debitoribus</span> <span class='ocrx_word' id='word_1_22' title='bbox 1686 415 1718 470; x_wconf 88' lang='lat' dir='ltr'>et</span> <span class='ocrx_word' id='word_1_23' title='bbox 1729 413 1823 469; x_wconf 89' lang='lat' dir='ltr'>dimit·</span> 
     </span>
    </p>
   </div>
   <div class='ocr_carea' id='block_1_5' title="bbox 164 512 977 1737">
    <p class='ocr_par' dir='ltr' id='par_1_5' title="bbox 164 512 974 1379">
     <span class='ocr_line' id='line_1_5' title="bbox 165 512 968 586; baseline -0.006 -18"><span class='ocrx_word' id='word_1_24' title='bbox 165 513 264 585; x_wconf 85' lang='lat' dir='ltr'>possit,</span> <span class='ocrx_word' id='word_1_25' title='bbox 283 512 318 568; x_wconf 90' lang='lat' dir='ltr'>Ut</span> <span class='ocrx_word' id='word_1_26' title='bbox 333 512 420 584; x_wconf 73' lang='lat' dir='ltr'>igitur</span> <span class='ocrx_word' id='word_1_27' title='bbox 441 512 571 586; x_wconf 88' lang='lat' dir='ltr'>perlecti,</span> <span class='ocrx_word' id='word_1_28' title='bbox 595 512 624 566; x_wconf 93' lang='lat' dir='ltr'>in</span> <span class='ocrx_word' id='word_1_29' title='bbox 642 514 696 567; x_wconf 91' lang='lat' dir='ltr'>hec</span> <span class='ocrx_word' id='word_1_30' title='bbox 714 512 824 582; x_wconf 90' lang='lat' dir='ltr'>psalmo</span> <span class='ocrx_word' id='word_1_31' title='bbox 840 513 968 581; x_wconf 76' lang='lat' dir='ltr'>agentes,</span> 
     </span>
     <span class='ocr_line' id='line_1_6' title="bbox 166 599 971 675; baseline -0.007 -18"><span class='ocrx_word' id='word_1_32' title='bbox 166 602 210 657; x_wconf 91' lang='lat' dir='ltr'>his</span> <span class='ocrx_word' id='word_1_33' title='bbox 224 603 271 675; x_wconf 88' lang='lat' dir='ltr'>qui</span> <span class='ocrx_word' id='word_1_34' title='bbox 287 619 339 674; x_wconf 88' lang='lat' dir='ltr'>pro</span> <span class='ocrx_word' id='word_1_35' title='bbox 354 602 469 658; x_wconf 83' lang='lat' dir='ltr'>Domini</span> <span class='ocrx_word' id='word_1_36' title='bbox 481 603 585 657; x_wconf 88' lang='lat' dir='ltr'>timore</span> <span class='ocrx_word' id='word_1_37' title='bbox 596 606 623 656; x_wconf 93' lang='lat' dir='ltr'>et</span> <span class='ocrx_word' id='word_1_38' title='bbox 633 600 798 656; x_wconf 89' lang='lat' dir='ltr'>obedientia</span> <span class='ocrx_word' id='word_1_39' title='bbox 812 599 840 653; x_wconf 92' lang='lat' dir='ltr'>in</span> <span class='ocrx_word' id='word_1_40' title='bbox 855 599 971 652; x_wconf 87' lang='lat' dir='ltr'>tribula-</span> 
     </span>
     <span class='ocr_line' id='line_1_7' title="bbox 164 686 969 762; baseline -0.007 -17"><span class='ocrx_word' id='word_1_41' title='bbox 164 691 246 746; x_wconf 88' lang='lat' dir='ltr'>tione</span> <span class='ocrx_word' id='word_1_42' title='bbox 261 694 327 745; x_wconf 91' lang='lat' dir='ltr'>sunt</span> <span class='ocrx_word' id='word_1_43' title='bbox 341 691 424 762; x_wconf 91' lang='lat' dir='ltr'>positi</span> <span class='ocrx_word' id='word_1_44' title='bbox 440 692 602 762; x_wconf 84' lang='lat' dir='ltr'>exemplum</span> <span class='ocrx_word' id='word_1_45' title='bbox 624 690 753 744; x_wconf 90' lang='lat' dir='ltr'>tribuant</span> <span class='ocrx_word' id='word_1_46' title='bbox 768 686 911 743; x_wconf 87' lang='lat' dir='ltr'>clamandi</span> <span class='ocrx_word' id='word_1_47' title='bbox 931 686 969 740; x_wconf 86' lang='lat' dir='ltr'>sio</span> 
     </span>
     <span class='ocr_line' id='line_1_8' title="bbox 167 775 971 845; baseline -0.009 -10"><span class='ocrx_word' id='word_1_48' title='bbox 167 781 201 835; x_wconf 91' lang='lat' dir='ltr'>ad</span> <span class='ocrx_word' id='word_1_49' title='bbox 210 781 365 835; x_wconf 92' lang='lat' dir='ltr'>Dominum</span> <span class='ocrx_word' id='word_1_50' title='bbox 380 797 415 834; x_wconf 83' lang='lat' dir='ltr'>ne</span> <span class='ocrx_word' id='word_1_51' title='bbox 427 780 571 845; x_wconf 84' lang='lat' dir='ltr'>deliciunt,</span> <span class='ocrx_word' id='word_1_52' title='bbox 581 779 736 834; x_wconf 88' lang='lat' dir='ltr'>ostendunt</span> <span class='ocrx_word' id='word_1_53' title='bbox 745 795 773 832; x_wconf 89' lang='lat' dir='ltr'>se</span> <span class='ocrx_word' id='word_1_54' title='bbox 785 776 865 832; x_wconf 82' lang='lat' dir='ltr'>sicud</span> <span class='ocrx_word' id='word_1_55' title='bbox 874 775 971 830; x_wconf 90' lang='lat' dir='ltr'>Domi·</span> 
     </span>
     <span class='ocr_line' id='line_1_9' title="bbox 169 863 972 941; baseline -0.009 -17"><span class='ocrx_word' id='word_1_56' title='bbox 169 869 558 941; x_wconf 85' lang='lat' dir='ltr'>numelamasse‚reputarrdo</span> <span class='ocrx_word' id='word_1_57' title='bbox 566 868 642 941; x_wconf 90' lang='lat' dir='ltr'>quod</span> <span class='ocrx_word' id='word_1_58' title='bbox 651 867 672 921; x_wconf 92' lang='lat' dir='ltr'>si</span> <span class='ocrx_word' id='word_1_59' title='bbox 682 863 972 922; x_wconf 89' lang='lat' dir='ltr'>Dominusvelletini·</span> 
     </span>
     <span class='ocr_line' id='line_1_10' title="bbox 167 953 971 1030; baseline -0.011 -16"><span class='ocrx_word' id='word_1_60' title='bbox 167 953 971 1030; x_wconf 84' lang='lat' dir='ltr'>quitatesobservare,nulluspossetconstantiambabere.</span> 
     </span>
     <span class='ocr_line' id='line_1_11' title="bbox 168 1046 972 1118; baseline -0.01 -17"><span class='ocrx_word' id='word_1_61' title='bbox 168 1048 330 1102; x_wconf 85' lang='lat' dir='ltr'>Ostendant</span> <span class='ocrx_word' id='word_1_62' title='bbox 346 1064 459 1118; x_wconf 92' lang='lat' dir='ltr'>quoque</span> <span class='ocrx_word' id='word_1_63' title='bbox 477 1064 506 1100; x_wconf 90' lang='lat' dir='ltr'>se</span> <span class='ocrx_word' id='word_1_64' title='bbox 525 1047 554 1101; x_wconf 92' lang='lat' dir='ltr'>in</span> <span class='ocrx_word' id='word_1_65' title='bbox 575 1046 697 1100; x_wconf 91' lang='lat' dir='ltr'>Domino</span> <span class='ocrx_word' id='word_1_66' title='bbox 713 1060 840 1117; x_wconf 77' lang='lat' dir='ltr'>sperasse</span> <span class='ocrx_word' id='word_1_67' title='bbox 866 1058 922 1095; x_wconf 90' lang='lat' dir='ltr'>non</span> <span class='ocrx_word' id='word_1_68' title='bbox 939 1057 972 1094; x_wconf 82' lang='lat' dir='ltr'>er</span> 
     </span>
     <span class='ocr_line' id='line_1_12' title="bbox 169 1131 974 1206; baseline -0.011 -16"><span class='ocrx_word' id='word_1_69' title='bbox 169 1135 490 1201; x_wconf 88' lang='lat' dir='ltr'>meritiseorum‚sedex</span> <span class='ocrx_word' id='word_1_70' title='bbox 507 1152 541 1189; x_wconf 88' lang='lat' dir='ltr'>eo</span> <span class='ocrx_word' id='word_1_71' title='bbox 555 1134 632 1205; x_wconf 92' lang='lat' dir='ltr'>quod</span> <span class='ocrx_word' id='word_1_72' title='bbox 644 1135 702 1206; x_wconf 93' lang='lat' dir='ltr'>ipse</span> <span class='ocrx_word' id='word_1_73' title='bbox 727 1132 867 1204; x_wconf 91' lang='lat' dir='ltr'>propitius</span> <span class='ocrx_word' id='word_1_74' title='bbox 886 1133 927 1183; x_wconf 91' lang='lat' dir='ltr'>est</span> <span class='ocrx_word' id='word_1_75' title='bbox 944 1131 974 1182; x_wconf 90' lang='lat' dir='ltr'>ut</span> 
     </span>
     <span class='ocr_line' id='line_1_13' title="bbox 169 1224 972 1294; baseline -0.011 -16"><span class='ocrx_word' id='word_1_76' title='bbox 169 1224 391 1278; x_wconf 87' lang='lat' dir='ltr'>aliosinstruant</span> <span class='ocrx_word' id='word_1_77' title='bbox 401 1224 533 1294; x_wconf 83' lang='lat' dir='ltr'>exemplo</span> <span class='ocrx_word' id='word_1_78' title='bbox 546 1239 728 1288; x_wconf 82' lang='lat' dir='ltr'>suo,emnem</span> <span class='ocrx_word' id='word_1_79' title='bbox 738 1235 904 1292; x_wconf 87' lang='lat' dir='ltr'>spcmsuam</span> <span class='ocrx_word' id='word_1_80' title='bbox 913 1233 972 1270; x_wconf 91' lang='lat' dir='ltr'>non</span> 
     </span>
     <span class='ocr_line' id='line_1_14' title="bbox 169 1309 971 1379; baseline -0.01 -13"><span class='ocrx_word' id='word_1_81' title='bbox 169 1311 199 1366; x_wconf 91' lang='lat' dir='ltr'>in</span> <span class='ocrx_word' id='word_1_82' title='bbox 216 1311 327 1366; x_wconf 87' lang='lat' dir='ltr'>meritis</span> <span class='ocrx_word' id='word_1_83' title='bbox 342 1311 409 1376; x_wconf 89' lang='lat' dir='ltr'>suis,</span> <span class='ocrx_word' id='word_1_84' title='bbox 421 1311 471 1366; x_wconf 87' lang='lat' dir='ltr'>sed</span> <span class='ocrx_word' id='word_1_85' title='bbox 483 1311 511 1365; x_wconf 93' lang='lat' dir='ltr'>in</span> <span class='ocrx_word' id='word_1_86' title='bbox 522 1310 717 1365; x_wconf 72' lang='lat' dir='ltr'>misericordia</span> <span class='ocrx_word' id='word_1_87' title='bbox 728 1309 841 1364; x_wconf 86' lang='lat' dir='ltr'>Domini</span> <span class='ocrx_word' id='word_1_88' title='bbox 851 1322 971 1379; x_wconf 90' lang='lat' dir='ltr'>ponere.</span> 
     </span>
    </p>

    <p class='ocr_par' dir='ltr' id='par_1_6' title="bbox 170 1396 977 1737">
     <span class='ocr_line' id='line_1_15' title="bbox 205 1396 972 1472; baseline -0.007 -19"><span class='ocrx_word' id='word_1_89' title='bbox 205 1401 246 1454; x_wconf 86' lang='lat' dir='ltr'>De</span> <span class='ocrx_word' id='word_1_90' title='bbox 258 1400 411 1472; x_wconf 70' lang='lat' dir='ltr'>profundis,</span> <span class='ocrx_word' id='word_1_91' title='bbox 434 1403 500 1467; x_wconf 81' lang='lat' dir='ltr'>oto,</span> <span class='ocrx_word' id='word_1_92' title='bbox 520 1417 552 1453; x_wconf 88' lang='lat' dir='ltr'>ao</span> <span class='ocrx_word' id='word_1_93' title='bbox 567 1400 587 1453; x_wconf 89' lang='lat' dir='ltr'>si</span> <span class='ocrx_word' id='word_1_94' title='bbox 605 1400 698 1454; x_wconf 88' lang='lat' dir='ltr'>dicat:</span> <span class='ocrx_word' id='word_1_95' title='bbox 717 1398 837 1467; x_wconf 82' lang='lat' dir='ltr'>Qnijam</span> <span class='ocrx_word' id='word_1_96' title='bbox 854 1396 890 1449; x_wconf 91' lang='lat' dir='ltr'>ad</span> <span class='ocrx_word' id='word_1_97' title='bbox 905 1412 972 1449; x_wconf 90' lang='lat' dir='ltr'>con-</span> 
     </span>
     <span class='ocr_line' id='line_1_16' title="bbox 170 1488 974 1552; baseline -0.01 -8"><span class='ocrx_word' id='word_1_98' title='bbox 170 1489 307 1544; x_wconf 86' lang='lat' dir='ltr'>stantiam</span> <span class='ocrx_word' id='word_1_99' title='bbox 328 1488 356 1543; x_wconf 91' lang='lat' dir='ltr'>in</span> <span class='ocrx_word' id='word_1_100' title='bbox 371 1489 604 1543; x_wconf 89' lang='lat' dir='ltr'>tribulationibus</span> <span class='ocrx_word' id='word_1_101' title='bbox 618 1489 807 1552; x_wconf 89' lang='lat' dir='ltr'>devenerunt,</span> <span class='ocrx_word' id='word_1_102' title='bbox 825 1503 860 1539; x_wconf 93' lang='lat' dir='ltr'>no</span> <span class='ocrx_word' id='word_1_103' title='bbox 876 1500 974 1538; x_wconf 83' lang='lat' dir='ltr'>aceu-</span> 
     </span>
     <span class='ocr_line' id='line_1_17' title="bbox 171 1575 977 1648; baseline -0.007 -16"><span class='ocrx_word' id='word_1_104' title='bbox 171 1577 277 1632; x_wconf 89' lang='lat' dir='ltr'>stantia</span> <span class='ocrx_word' id='word_1_105' title='bbox 298 1594 348 1631; x_wconf 89' lang='lat' dir='ltr'>sua</span> <span class='ocrx_word' id='word_1_106' title='bbox 363 1577 511 1632; x_wconf 76' lang='lat' dir='ltr'>occasione</span> <span class='ocrx_word' id='word_1_107' title='bbox 527 1577 653 1648; x_wconf 91' lang='lat' dir='ltr'>ipsarum</span> <span class='ocrx_word' id='word_1_108' title='bbox 677 1575 893 1630; x_wconf 87' lang='lat' dir='ltr'>tribulationum</span> <span class='ocrx_word' id='word_1_109' title='bbox 910 1575 977 1628; x_wconf 79' lang='lat' dir='ltr'>vlesr·</span> 
     </span>
     <span class='ocr_line' id='line_1_18' title="bbox 172 1663 975 1737; baseline -0.005 -17"><span class='ocrx_word' id='word_1_110' title='bbox 172 1666 259 1731; x_wconf 80' lang='lat' dir='ltr'>ciant,</span> <span class='ocrx_word' id='word_1_111' title='bbox 277 1667 313 1721; x_wconf 87' lang='lat' dir='ltr'>do</span> <span class='ocrx_word' id='word_1_112' title='bbox 330 1666 529 1737; x_wconf 77' lang='lat' dir='ltr'>profunditate</span> <span class='ocrx_word' id='word_1_113' title='bbox 561 1665 688 1736; x_wconf 86' lang='lat' dir='ltr'>ipsarum</span> <span class='ocrx_word' id='word_1_114' title='bbox 705 1664 921 1719; x_wconf 87' lang='lat' dir='ltr'>tribulationum</span> <span class='ocrx_word' id='word_1_115' title='bbox 939 1663 975 1716; x_wconf 91' lang='lat' dir='ltr'>ad</span> 
     </span>
    </p>
   </div>
   <div class='ocr_carea' id='block_1_6' title="bbox 1020 502 1829 1729">
    <p class='ocr_par' dir='ltr' id='par_1_7' title="bbox 1020 502 1829 1729">
     <span class='ocr_line' id='line_1_19' title="bbox 1020 502 1822 578; baseline -0.004 -19"><span class='ocrx_word' id='word_1_116' title='bbox 1020 508 1097 561; x_wconf 88' lang='lat' dir='ltr'>tetur</span> <span class='ocrx_word' id='word_1_117' title='bbox 1114 506 1193 561; x_wconf 90' lang='lat' dir='ltr'>vobis</span> <span class='ocrx_word' id='word_1_118' title='bbox 1209 506 1320 576; x_wconf 71' lang='lat' dir='ltr'>(ritaret.</span> <span class='ocrx_word' id='word_1_119' title='bbox 1335 523 1371 573; x_wconf 89' lang='lat' dir='ltr'>vr,</span> <span class='ocrx_word' id='word_1_120' title='bbox 1396 504 1447 575; x_wconf 74' lang='lat' dir='ltr'>til,</span> <span class='ocrx_word' id='word_1_121' title='bbox 1463 527 1477 554; x_wconf 89' lang='lat'>»</span> <span class='ocrx_word' id='word_1_122' title='bbox 1504 505 1591 578; x_wconf 91' lang='lat' dir='ltr'>qued,</span> <span class='ocrx_word' id='word_1_123' title='bbox 1619 506 1709 578; x_wconf 88' lang='lat' dir='ltr'>prout</span> <span class='ocrx_word' id='word_1_124' title='bbox 1733 502 1822 575; x_wconf 90' lang='lat' dir='ltr'>potui,</span> 
     </span>
     <span class='ocr_line' id='line_1_20' title="bbox 1020 591 1821 667; baseline -0.005 -18"><span class='ocrx_word' id='word_1_125' title='bbox 1020 595 1170 666; x_wconf 73' lang='lat' dir='ltr'>complevi.</span> <span class='ocrx_word' id='word_1_126' title='bbox 1187 596 1235 652; x_wconf 85' lang='lat' dir='ltr'>Vel</span> <span class='ocrx_word' id='word_1_127' title='bbox 1261 596 1459 652; x_wconf 89' lang='lat' dir='ltr'>universaliter</span> <span class='ocrx_word' id='word_1_128' title='bbox 1474 603 1583 667; x_wconf 85' lang='lat' dir='ltr'>propter</span> <span class='ocrx_word' id='word_1_129' title='bbox 1599 595 1682 665; x_wconf 74' lang='lat' dir='ltr'>lepem</span> <span class='ocrx_word' id='word_1_130' title='bbox 1697 597 1784 657; x_wconf 85' lang='lat' dir='ltr'>tuum,</span> <span class='ocrx_word' id='word_1_131' title='bbox 1796 591 1821 645; x_wconf 91' lang='lat' dir='ltr'>id</span> 
     </span>
     <span class='ocr_line' id='line_1_21' title="bbox 1020 682 1822 755; baseline -0.004 -19"><span class='ocrx_word' id='word_1_132' title='bbox 1020 686 1063 737; x_wconf 88' lang='lat' dir='ltr'>est</span> <span class='ocrx_word' id='word_1_133' title='bbox 1078 686 1195 754; x_wconf 83' lang='lat' dir='ltr'>propior</span> <span class='ocrx_word' id='word_1_134' title='bbox 1209 685 1308 740; x_wconf 90' lang='lat' dir='ltr'>omnia</span> <span class='ocrx_word' id='word_1_135' title='bbox 1323 685 1394 755; x_wconf 81' lang='lat' dir='ltr'>legis</span> <span class='ocrx_word' id='word_1_136' title='bbox 1409 687 1464 738; x_wconf 75' lang='lat' dir='ltr'>tuas</span> <span class='ocrx_word' id='word_1_137' title='bbox 1480 687 1634 755; x_wconf 76' lang='lat' dir='ltr'>precepta,</span> <span class='ocrx_word' id='word_1_138' title='bbox 1647 682 1822 752; x_wconf 73' lang='lat' dir='ltr'>inquantum</span> 
     </span>
     <span class='ocr_line' id='line_1_22' title="bbox 1021 770 1823 845; baseline -0.005 -20"><span class='ocrx_word' id='word_1_139' title='bbox 1021 772 1100 844; x_wconf 87' lang='lat' dir='ltr'>potui</span> <span class='ocrx_word' id='word_1_140' title='bbox 1116 790 1132 826; x_wconf 91' lang='lat' dir='ltr'>a</span> <span class='ocrx_word' id='word_1_141' title='bbox 1148 790 1194 827; x_wconf 90' lang='lat' dir='ltr'>me</span> <span class='ocrx_word' id='word_1_142' title='bbox 1213 774 1366 845; x_wconf 89' lang='lat' dir='ltr'>completa.</span> <span class='ocrx_word' id='word_1_143' title='bbox 1384 775 1419 828; x_wconf 93' lang='lat' dir='ltr'>Ut</span> <span class='ocrx_word' id='word_1_144' title='bbox 1432 775 1528 827; x_wconf 88' lang='lat' dir='ltr'>autem</span> <span class='ocrx_word' id='word_1_145' title='bbox 1544 771 1691 827; x_wconf 75' lang='lat' dir='ltr'>auditores</span> <span class='ocrx_word' id='word_1_146' title='bbox 1704 770 1823 824; x_wconf 86' lang='lat' dir='ltr'>instruat</span> 
     </span>
     <span class='ocr_line' id='line_1_23' title="bbox 1021 858 1824 934; baseline -0.005 -19"><span class='ocrx_word' id='word_1_147' title='bbox 1021 858 1824 934; x_wconf 85' lang='lat' dir='ltr'>Dominumsustinere,facitadeosapostropbam,dicens</span> 
     </span>
     <span class='ocr_line' id='line_1_24' title="bbox 1023 946 1822 1019; baseline -0.006 -15"><span class='ocrx_word' id='word_1_148' title='bbox 1023 966 1052 1004; x_wconf 85' lang='lat' dir='ltr'>sc</span> <span class='ocrx_word' id='word_1_149' title='bbox 1069 949 1567 1017; x_wconf 85' lang='lat' dir='ltr'>Domirrumsuslinuisse‚sic:Dixi·,o</span> <span class='ocrx_word' id='word_1_150' title='bbox 1583 946 1822 1019; x_wconf 88' lang='lat' dir='ltr'>auditores,quod</span> 
     </span>
     <span class='ocr_line' id='line_1_25' title="bbox 1021 1035 1824 1105; baseline -0.004 -13"><span class='ocrx_word' id='word_1_151' title='bbox 1021 1041 1136 1093; x_wconf 83' lang='lat' dir='ltr'>sustinui</span> <span class='ocrx_word' id='word_1_152' title='bbox 1156 1039 1324 1105; x_wconf 92' lang='lat' dir='ltr'>Dominum,</span> <span class='ocrx_word' id='word_1_153' title='bbox 1348 1042 1377 1093; x_wconf 88' lang='lat' dir='ltr'>el</span> <span class='ocrx_word' id='word_1_154' title='bbox 1392 1055 1490 1093; x_wconf 90' lang='lat' dir='ltr'>rerum</span> <span class='ocrx_word' id='word_1_155' title='bbox 1513 1038 1587 1102; x_wconf 89' lang='lat' dir='ltr'>dico,</span> <span class='ocrx_word' id='word_1_156' title='bbox 1604 1039 1734 1091; x_wconf 77' lang='lat' dir='ltr'>sustinuit</span> <span class='ocrx_word' id='word_1_157' title='bbox 1749 1035 1824 1089; x_wconf 85' lang='lat' dir='ltr'>enirn</span> 
     </span>
     <span class='ocr_line' id='line_1_26' title="bbox 1022 1123 1826 1196; baseline -0.005 -16"><span class='ocrx_word' id='word_1_158' title='bbox 1022 1129 1112 1180; x_wconf 78' lang='lat' dir='ltr'>dirimo</span> <span class='ocrx_word' id='word_1_159' title='bbox 1123 1145 1181 1181; x_wconf 86' lang='lat' dir='ltr'>rneo</span> <span class='ocrx_word' id='word_1_160' title='bbox 1197 1144 1263 1181; x_wconf 90' lang='lat' dir='ltr'>eum</span> <span class='ocrx_word' id='word_1_161' title='bbox 1278 1130 1305 1180; x_wconf 89' lang='lat' dir='ltr'>in</span> <span class='ocrx_word' id='word_1_162' title='bbox 1324 1127 1400 1182; x_wconf 79' lang='lat' dir='ltr'>cerlo</span> <span class='ocrx_word' id='word_1_163' title='bbox 1424 1128 1489 1196; x_wconf 82' lang='lat' dir='ltr'>ejus,</span> <span class='ocrx_word' id='word_1_164' title='bbox 1512 1126 1540 1180; x_wconf 93' lang='lat' dir='ltr'>in</span> <span class='ocrx_word' id='word_1_165' title='bbox 1563 1129 1606 1180; x_wconf 89' lang='lat' dir='ltr'>est</span> <span class='ocrx_word' id='word_1_166' title='bbox 1620 1125 1650 1178; x_wconf 92' lang='lat' dir='ltr'>in</span> <span class='ocrx_word' id='word_1_167' title='bbox 1664 1123 1826 1179; x_wconf 89' lang='lat' dir='ltr'>considera·</span> 
     </span>
     <span class='ocr_line' id='line_1_27' title="bbox 1023 1213 1827 1287; baseline -0.004 -19"><span class='ocrx_word' id='word_1_168' title='bbox 1023 1215 1100 1269; x_wconf 89' lang='lat' dir='ltr'>tione</span> <span class='ocrx_word' id='word_1_169' title='bbox 1115 1216 1193 1270; x_wconf 86' lang='lat' dir='ltr'>verbi</span> <span class='ocrx_word' id='word_1_170' title='bbox 1208 1216 1279 1285; x_wconf 86' lang='lat' dir='ltr'>ejus,</span> <span class='ocrx_word' id='word_1_171' title='bbox 1294 1216 1399 1270; x_wconf 88' lang='lat' dir='ltr'>scilieet</span> <span class='ocrx_word' id='word_1_172' title='bbox 1410 1213 1651 1287; x_wconf 83' lang='lat' dir='ltr'>quiapromisitse</span> <span class='ocrx_word' id='word_1_173' title='bbox 1661 1229 1827 1267; x_wconf 84' lang='lat' dir='ltr'>remunera·</span> 
     </span>
     <span class='ocr_line' id='line_1_28' title="bbox 1022 1301 1826 1373; baseline -0.005 -15"><span class='ocrx_word' id='word_1_174' title='bbox 1022 1306 1118 1358; x_wconf 91' lang='lat' dir='ltr'>turum</span> <span class='ocrx_word' id='word_1_175' title='bbox 1126 1304 1298 1359; x_wconf 86' lang='lat' dir='ltr'>sustinentes</span> <span class='ocrx_word' id='word_1_176' title='bbox 1307 1303 1414 1371; x_wconf 88' lang='lat' dir='ltr'>sc,id&#39;eo</span> <span class='ocrx_word' id='word_1_177' title='bbox 1424 1305 1591 1359; x_wconf 86' lang='lat' dir='ltr'>animamea</span> <span class='ocrx_word' id='word_1_178' title='bbox 1599 1301 1771 1356; x_wconf 88' lang='lat' dir='ltr'>sustinendo</span> <span class='ocrx_word' id='word_1_179' title='bbox 1777 1318 1826 1373; x_wconf 89' lang='lat' dir='ltr'>pro</span> 
     </span>
     <span class='ocr_line' id='line_1_29' title="bbox 1024 1389 1825 1463; baseline -0.002 -19"><span class='ocrx_word' id='word_1_180' title='bbox 1024 1407 1057 1445; x_wconf 92' lang='lat' dir='ltr'>eo</span> <span class='ocrx_word' id='word_1_181' title='bbox 1068 1392 1371 1463; x_wconf 88' lang='lat' dir='ltr'>tribulationes‚ipsum</span> <span class='ocrx_word' id='word_1_182' title='bbox 1383 1395 1631 1447; x_wconf 73' lang='lat' dir='ltr'>remuneratorem</span> <span class='ocrx_word' id='word_1_183' title='bbox 1644 1389 1825 1462; x_wconf 83' lang='lat' dir='ltr'>exspectarit.</span> 
     </span>
     <span class='ocr_line' id='line_1_30' title="bbox 1026 1477 1828 1553; baseline -0.002 -21"><span class='ocrx_word' id='word_1_184' title='bbox 1026 1480 1057 1533; x_wconf 68' lang='lat' dir='ltr'>lit</span> <span class='ocrx_word' id='word_1_185' title='bbox 1072 1497 1128 1533; x_wconf 91' lang='lat' dir='ltr'>non</span> <span class='ocrx_word' id='word_1_186' title='bbox 1146 1482 1237 1535; x_wconf 91' lang='lat' dir='ltr'>solum</span> <span class='ocrx_word' id='word_1_187' title='bbox 1255 1481 1284 1535; x_wconf 94' lang='lat' dir='ltr'>in</span> <span class='ocrx_word' id='word_1_188' title='bbox 1300 1481 1530 1536; x_wconf 77' lang='lat' dir='ltr'>consideratione</span> <span class='ocrx_word' id='word_1_189' title='bbox 1545 1477 1747 1553; x_wconf 88' lang='lat' dir='ltr'>promissionis</span> <span class='ocrx_word' id='word_1_190' title='bbox 1772 1478 1828 1547; x_wconf 86' lang='lat' dir='ltr'>ejus</span> 
     </span>
     <span class='ocr_line' id='line_1_31' title="bbox 1024 1565 1827 1640; baseline -0.007 -16"><span class='ocrx_word' id='word_1_191' title='bbox 1024 1572 1140 1640; x_wconf 83' lang='lat' dir='ltr'>sperarit</span> <span class='ocrx_word' id='word_1_192' title='bbox 1149 1572 1240 1623; x_wconf 82' lang='lat' dir='ltr'>nnr&#39;mo</span> <span class='ocrx_word' id='word_1_193' title='bbox 1251 1587 1308 1623; x_wconf 76' lang='lat' dir='ltr'>ntro</span> <span class='ocrx_word' id='word_1_194' title='bbox 1320 1586 1385 1623; x_wconf 88' lang='lat' dir='ltr'>eum</span> <span class='ocrx_word' id='word_1_195' title='bbox 1399 1571 1662 1634; x_wconf 85' lang='lat' dir='ltr'>remuneratorem,</span> <span class='ocrx_word' id='word_1_196' title='bbox 1678 1566 1730 1621; x_wconf 92' lang='lat' dir='ltr'>sed</span> <span class='ocrx_word' id='word_1_197' title='bbox 1743 1565 1827 1619; x_wconf 87' lang='lat' dir='ltr'>etiam</span> 
     </span>
     <span class='ocr_line' id='line_1_32' title="bbox 1024 1654 1829 1729; baseline -0.006 -17"><span class='ocrx_word' id='word_1_198' title='bbox 1024 1660 1142 1729; x_wconf 78' lang='lat' dir='ltr'>sperarit</span> <span class='ocrx_word' id='word_1_199' title='bbox 1157 1662 1249 1713; x_wconf 83' lang='lat' dir='ltr'>nnr&#39;rnn</span> <span class='ocrx_word' id='word_1_200' title='bbox 1266 1676 1323 1712; x_wconf 83' lang='lat' dir='ltr'>rnen</span> <span class='ocrx_word' id='word_1_201' title='bbox 1338 1661 1365 1711; x_wconf 89' lang='lat' dir='ltr'>in</span> <span class='ocrx_word' id='word_1_202' title='bbox 1383 1658 1509 1722; x_wconf 82' lang='lat' dir='ltr'>Domino,</span> <span class='ocrx_word' id='word_1_203' title='bbox 1533 1657 1561 1710; x_wconf 92' lang='lat' dir='ltr'>id</span> <span class='ocrx_word' id='word_1_204' title='bbox 1582 1660 1625 1710; x_wconf 85' lang='lat' dir='ltr'>est</span> <span class='ocrx_word' id='word_1_205' title='bbox 1648 1656 1677 1709; x_wconf 90' lang='lat' dir='ltr'>in</span> <span class='ocrx_word' id='word_1_206' title='bbox 1698 1654 1829 1709; x_wconf 89' lang='lat' dir='ltr'>conside·</span> 
     </span>
    </p>
   </div>
   <div class='ocr_carea' id='block_1_7' title="bbox 171 1737 1829 1825">
    <p class='ocr_par' dir='ltr' id='par_1_8' title="bbox 171 1737 1829 1825">
     <span class='ocr_line' id='line_1_33' title="bbox 171 1737 1829 1825; baseline -0.01 -13"><span class='ocrx_word' id='word_1_207' title='bbox 171 1755 328 1810; x_wconf 88' lang='lat' dir='ltr'>Dominum</span> <span class='ocrx_word' id='word_1_208' title='bbox 352 1757 487 1820; x_wconf 82' lang='lat' dir='ltr'>clement,</span> <span class='ocrx_word' id='word_1_209' title='bbox 509 1758 537 1810; x_wconf 91' lang='lat' dir='ltr'>et</span> <span class='ocrx_word' id='word_1_210' title='bbox 553 1757 684 1825; x_wconf 81' lang='lat' dir='ltr'>exemplo</span> <span class='ocrx_word' id='word_1_211' title='bbox 701 1771 766 1809; x_wconf 89' lang='lat' dir='ltr'>meo</span> <span class='ocrx_word' id='word_1_212' title='bbox 783 1755 836 1808; x_wconf 91' lang='lat' dir='ltr'>boc</span> <span class='ocrx_word' id='word_1_213' title='bbox 858 1753 973 1807; x_wconf 79' lang='lat' dir='ltr'>iaciant.</span> <span class='ocrx_word' id='word_1_214' title='bbox 986 1737 1012 1800; x_wconf 86' lang='lat' dir='ltr'>B</span> <span class='ocrx_word' id='word_1_215' title='bbox 1025 1747 1103 1802; x_wconf 89' lang='lat' dir='ltr'>tione</span> <span class='ocrx_word' id='word_1_216' title='bbox 1125 1747 1250 1812; x_wconf 89' lang='lat' dir='ltr'>Domini,</span> <span class='ocrx_word' id='word_1_217' title='bbox 1264 1746 1371 1801; x_wconf 87' lang='lat' dir='ltr'>scilicet</span> <span class='ocrx_word' id='word_1_218' title='bbox 1395 1747 1461 1818; x_wconf 90' lang='lat' dir='ltr'>quia</span> <span class='ocrx_word' id='word_1_219' title='bbox 1486 1743 1665 1799; x_wconf 88' lang='lat' dir='ltr'>consideravi</span> <span class='ocrx_word' id='word_1_220' title='bbox 1683 1760 1755 1797; x_wconf 91' lang='lat' dir='ltr'>eum</span> <span class='ocrx_word' id='word_1_221' title='bbox 1777 1744 1829 1798; x_wconf 92' lang='lat' dir='ltr'>Do·</span> 
     </span>
    </p>
   </div>
   <div class='ocr_carea' id='block_1_8' title="bbox 171 1842 979 2980">
    <p class='ocr_par' dir='ltr' id='par_1_9' title="bbox 171 1842 979 2980">
     <span class='ocr_line' id='line_1_34' title="bbox 171 1842 976 1915; baseline -0.002 -17"><span class='ocrx_word' id='word_1_222' title='bbox 171 1845 231 1914; x_wconf 71' lang='lat' dir='ltr'>Ego</span> <span class='ocrx_word' id='word_1_223' title='bbox 248 1843 410 1915; x_wconf 88' lang='lat' dir='ltr'>namquein</span> <span class='ocrx_word' id='word_1_224' title='bbox 428 1844 578 1914; x_wconf 79' lang='lat' dir='ltr'>profundis</span> <span class='ocrx_word' id='word_1_225' title='bbox 594 1842 815 1898; x_wconf 74' lang='lat' dir='ltr'>tribulationum</span> <span class='ocrx_word' id='word_1_226' title='bbox 829 1842 976 1913; x_wconf 90' lang='lat' dir='ltr'>positus,a</span> 
     </span>
     <span class='ocr_line' id='line_1_35' title="bbox 171 1930 975 2004; baseline -0.002 -18"><span class='ocrx_word' id='word_1_227' title='bbox 171 1932 360 1986; x_wconf 87' lang='lat' dir='ltr'>similitudine</span> <span class='ocrx_word' id='word_1_228' title='bbox 371 1931 445 1986; x_wconf 85' lang='lat' dir='ltr'>illius</span> <span class='ocrx_word' id='word_1_229' title='bbox 458 1932 543 2004; x_wconf 88' lang='lat' dir='ltr'>quiin</span> <span class='ocrx_word' id='word_1_230' title='bbox 558 1932 854 2004; x_wconf 81' lang='lat' dir='ltr'>profundislluctuum</span> <span class='ocrx_word' id='word_1_231' title='bbox 868 1930 975 2001; x_wconf 86' lang='lat' dir='ltr'>positus</span> 
     </span>
     <span class='ocr_line' id='line_1_36' title="bbox 171 2019 973 2092; baseline -0.002 -17"><span class='ocrx_word' id='word_1_232' title='bbox 171 2023 278 2075; x_wconf 86' lang='lat' dir='ltr'>clamat</span> <span class='ocrx_word' id='word_1_233' title='bbox 297 2021 333 2074; x_wconf 90' lang='lat' dir='ltr'>ad</span> <span class='ocrx_word' id='word_1_234' title='bbox 348 2038 396 2074; x_wconf 86' lang='lat' dir='ltr'>eos</span> <span class='ocrx_word' id='word_1_235' title='bbox 414 2020 461 2092; x_wconf 90' lang='lat' dir='ltr'>qui</span> <span class='ocrx_word' id='word_1_236' title='bbox 486 2037 572 2092; x_wconf 91' lang='lat' dir='ltr'>supra</span> <span class='ocrx_word' id='word_1_237' title='bbox 596 2021 673 2075; x_wconf 90' lang='lat' dir='ltr'>littus</span> <span class='ocrx_word' id='word_1_238' title='bbox 689 2025 765 2086; x_wconf 88' lang='lat' dir='ltr'>sunt,</span> <span class='ocrx_word' id='word_1_239' title='bbox 781 2024 812 2073; x_wconf 91' lang='lat' dir='ltr'>ul</span> <span class='ocrx_word' id='word_1_240' title='bbox 836 2019 860 2073; x_wconf 90' lang='lat' dir='ltr'>oi</span> <span class='ocrx_word' id='word_1_241' title='bbox 877 2037 973 2073; x_wconf 83' lang='lat' dir='ltr'>surru-</span> 
     </span>
     <span class='ocr_line' id='line_1_37' title="bbox 172 2108 975 2180; baseline -0.001 -17"><span class='ocrx_word' id='word_1_242' title='bbox 172 2114 248 2164; x_wconf 90' lang='lat' dir='ltr'>rant.</span> <span class='ocrx_word' id='word_1_243' title='bbox 271 2109 312 2162; x_wconf 88' lang='lat' dir='ltr'>Dc</span> <span class='ocrx_word' id='word_1_244' title='bbox 327 2108 394 2180; x_wconf 92' lang='lat' dir='ltr'>ipsis</span> <span class='ocrx_word' id='word_1_245' title='bbox 407 2110 554 2180; x_wconf 79' lang='lat' dir='ltr'>profundis</span> <span class='ocrx_word' id='word_1_246' title='bbox 570 2109 787 2164; x_wconf 83' lang='lat' dir='ltr'>tribulationum</span> <span class='ocrx_word' id='word_1_247' title='bbox 801 2109 929 2174; x_wconf 84' lang='lat' dir='ltr'>clnruoni,</span> <span class='ocrx_word' id='word_1_248' title='bbox 946 2108 975 2162; x_wconf 93' lang='lat' dir='ltr'>id</span> 
     </span>
     <span class='ocr_line' id='line_1_38' title="bbox 172 2198 976 2269; baseline -0.002 -17"><span class='ocrx_word' id='word_1_249' title='bbox 172 2201 215 2253; x_wconf 91' lang='lat' dir='ltr'>est</span> <span class='ocrx_word' id='word_1_250' title='bbox 231 2200 356 2253; x_wconf 86' lang='lat' dir='ltr'>clamore</span> <span class='ocrx_word' id='word_1_251' title='bbox 367 2198 479 2252; x_wconf 90' lang='lat' dir='ltr'>intenso</span> <span class='ocrx_word' id='word_1_252' title='bbox 491 2199 547 2269; x_wconf 77' lang='lat' dir='ltr'>egi,</span> <span class='ocrx_word' id='word_1_253' title='bbox 571 2198 667 2253; x_wconf 89' lang='lat' dir='ltr'>dicens</span> <span class='ocrx_word' id='word_1_254' title='bbox 680 2198 768 2252; x_wconf 90' lang='lat' dir='ltr'>etiam</span> <span class='ocrx_word' id='word_1_255' title='bbox 791 2214 840 2252; x_wconf 89' lang='lat' dir='ltr'>ore</span> <span class='ocrx_word' id='word_1_256' title='bbox 856 2216 870 2249; x_wconf 90' lang='lat' dir='ltr'>o</span> <span class='ocrx_word' id='word_1_257' title='bbox 884 2198 976 2252; x_wconf 87' lang='lat' dir='ltr'>Domi·</span> 
     </span>
     <span class='ocr_line' id='line_1_39' title="bbox 171 2285 975 2357; baseline -0.001 -16"><span class='ocrx_word' id='word_1_258' title='bbox 171 2303 215 2352; x_wconf 83' lang='lat' dir='ltr'>ne,</span> <span class='ocrx_word' id='word_1_259' title='bbox 232 2287 328 2342; x_wconf 80' lang='lat' dir='ltr'>eraudi</span> <span class='ocrx_word' id='word_1_260' title='bbox 343 2304 430 2340; x_wconf 82' lang='lat' dir='ltr'>rorem</span> <span class='ocrx_word' id='word_1_261' title='bbox 453 2304 549 2340; x_wconf 84' lang='lat' dir='ltr'>meum.</span> <span class='ocrx_word' id='word_1_262' title='bbox 567 2285 686 2350; x_wconf 83' lang='lat' dir='ltr'>Eroudi,</span> <span class='ocrx_word' id='word_1_263' title='bbox 706 2286 834 2357; x_wconf 87' lang='lat' dir='ltr'>inquam,</span> <span class='ocrx_word' id='word_1_264' title='bbox 863 2287 892 2339; x_wconf 78' lang='lat' dir='ltr'>el</span> <span class='ocrx_word' id='word_1_265' title='bbox 916 2302 975 2340; x_wconf 91' lang='lat' dir='ltr'>nou</span> 
     </span>
     <span class='ocr_line' id='line_1_40' title="bbox 172 2374 974 2446; baseline -0.006 -15"><span class='ocrx_word' id='word_1_266' title='bbox 172 2375 301 2443; x_wconf 85' lang='lat' dir='ltr'>remisse,</span> <span class='ocrx_word' id='word_1_267' title='bbox 320 2375 523 2446; x_wconf 79' lang='lat' dir='ltr'>sed‚sicutego</span> <span class='ocrx_word' id='word_1_268' title='bbox 537 2392 602 2429; x_wconf 90' lang='lat' dir='ltr'>cum</span> <span class='ocrx_word' id='word_1_269' title='bbox 615 2375 727 2429; x_wconf 90' lang='lat' dir='ltr'>intenso</span> <span class='ocrx_word' id='word_1_270' title='bbox 743 2376 869 2428; x_wconf 90' lang='lat' dir='ltr'>clamore</span> <span class='ocrx_word' id='word_1_271' title='bbox 885 2374 974 2442; x_wconf 89' lang='lat' dir='ltr'>orari,</span> 
     </span>
     <span class='ocr_line' id='line_1_41' title="bbox 173 2463 975 2536; baseline -0.002 -18"><span class='ocrx_word' id='word_1_272' title='bbox 173 2466 213 2518; x_wconf 91' lang='lat' dir='ltr'>ita</span> <span class='ocrx_word' id='word_1_273' title='bbox 228 2480 343 2536; x_wconf 86' lang='lat' dir='ltr'>quoqne</span> <span class='ocrx_word' id='word_1_274' title='bbox 356 2466 422 2533; x_wconf 78' lang='lat' dir='ltr'>firrnt</span> <span class='ocrx_word' id='word_1_275' title='bbox 444 2483 520 2519; x_wconf 77' lang='lat' dir='ltr'>uteres</span> <span class='ocrx_word' id='word_1_276' title='bbox 537 2472 588 2518; x_wconf 75' lang='lat' dir='ltr'>tua</span> <span class='ocrx_word' id='word_1_277' title='bbox 603 2465 773 2529; x_wconf 74' lang='lat' dir='ltr'>retenduntur,</span> <span class='ocrx_word' id='word_1_278' title='bbox 799 2463 828 2517; x_wconf 93' lang='lat' dir='ltr'>id</span> <span class='ocrx_word' id='word_1_279' title='bbox 854 2466 896 2517; x_wconf 91' lang='lat' dir='ltr'>est</span> <span class='ocrx_word' id='word_1_280' title='bbox 925 2479 975 2533; x_wconf 93' lang='lat' dir='ltr'>po·</span> 
     </span>
     <span class='ocr_line' id='line_1_42' title="bbox 173 2552 976 2626; baseline -0.002 -18"><span class='ocrx_word' id='word_1_281' title='bbox 173 2554 264 2608; x_wconf 90' lang='lat' dir='ltr'>tentia</span> <span class='ocrx_word' id='word_1_282' title='bbox 282 2554 484 2610; x_wconf 77' lang='lat' dir='ltr'>misericordior</span> <span class='ocrx_word' id='word_1_283' title='bbox 493 2558 548 2609; x_wconf 84' lang='lat' dir='ltr'>tum</span> <span class='ocrx_word' id='word_1_284' title='bbox 560 2571 610 2626; x_wconf 89' lang='lat' dir='ltr'>per</span> <span class='ocrx_word' id='word_1_285' title='bbox 621 2571 707 2624; x_wconf 90' lang='lat' dir='ltr'>quam</span> <span class='ocrx_word' id='word_1_286' title='bbox 720 2556 835 2607; x_wconf 90' lang='lat' dir='ltr'>orantes</span> <span class='ocrx_word' id='word_1_287' title='bbox 848 2555 877 2606; x_wconf 91' lang='lat' dir='ltr'>te</span> <span class='ocrx_word' id='word_1_288' title='bbox 891 2552 976 2606; x_wconf 89' lang='lat' dir='ltr'>mise·</span> 
     </span>
     <span class='ocr_line' id='line_1_43' title="bbox 173 2639 976 2712; baseline -0.002 -16"><span class='ocrx_word' id='word_1_289' title='bbox 173 2639 327 2698; x_wconf 84' lang='lat' dir='ltr'>ricordlter</span> <span class='ocrx_word' id='word_1_290' title='bbox 342 2643 432 2709; x_wconf 87' lang='lat' dir='ltr'>audis,</span> <span class='ocrx_word' id='word_1_291' title='bbox 459 2642 509 2696; x_wconf 87' lang='lat' dir='ltr'>llat</span> <span class='ocrx_word' id='word_1_292' title='bbox 522 2642 675 2696; x_wconf 87' lang='lat' dir='ltr'>intendens</span> <span class='ocrx_word' id='word_1_293' title='bbox 700 2644 727 2694; x_wconf 90' lang='lat' dir='ltr'>in</span> <span class='ocrx_word' id='word_1_294' title='bbox 743 2659 830 2695; x_wconf 85' lang='lat' dir='ltr'>ooccnr</span> <span class='ocrx_word' id='word_1_295' title='bbox 855 2642 976 2712; x_wconf 80' lang='lat' dir='ltr'>deprece-</span> 
     </span>
     <span class='ocr_line' id='line_1_44' title="bbox 174 2729 977 2797; baseline -0.002 -12"><span class='ocrx_word' id='word_1_296' title='bbox 174 2732 255 2786; x_wconf 83' lang='lat' dir='ltr'>tionis</span> <span class='ocrx_word' id='word_1_297' title='bbox 268 2747 341 2797; x_wconf 79' lang='lat' dir='ltr'>mee,</span> <span class='ocrx_word' id='word_1_298' title='bbox 356 2731 384 2786; x_wconf 94' lang='lat' dir='ltr'>id</span> <span class='ocrx_word' id='word_1_299' title='bbox 398 2735 440 2785; x_wconf 90' lang='lat' dir='ltr'>ost</span> <span class='ocrx_word' id='word_1_300' title='bbox 451 2731 501 2784; x_wconf 92' lang='lat' dir='ltr'>llat</span> <span class='ocrx_word' id='word_1_301' title='bbox 515 2730 626 2784; x_wconf 89' lang='lat' dir='ltr'>intense</span> <span class='ocrx_word' id='word_1_302' title='bbox 643 2729 869 2784; x_wconf 80' lang='lat' dir='ltr'>aridionsvocem</span> <span class='ocrx_word' id='word_1_303' title='bbox 881 2746 977 2783; x_wconf 90' lang='lat' dir='ltr'>meam</span> 
     </span>
     <span class='ocr_line' id='line_1_45' title="bbox 174 2818 978 2892; baseline -0.002 -18"><span class='ocrx_word' id='word_1_304' title='bbox 174 2838 230 2892; x_wconf 89' lang='lat' dir='ltr'>qua</span> <span class='ocrx_word' id='word_1_305' title='bbox 242 2822 269 2874; x_wconf 89' lang='lat' dir='ltr'>te</span> <span class='ocrx_word' id='word_1_306' title='bbox 280 2820 420 2890; x_wconf 90' lang='lat' dir='ltr'>deprecor</span> <span class='ocrx_word' id='word_1_307' title='bbox 432 2818 478 2873; x_wconf 85' lang='lat' dir='ltr'>sio.</span> <span class='ocrx_word' id='word_1_308' title='bbox 498 2818 603 2872; x_wconf 83' lang='lat' dir='ltr'>seilicet</span> <span class='ocrx_word' id='word_1_309' title='bbox 614 2819 664 2873; x_wconf 83' lang='lat' dir='ltr'>fiat</span> <span class='ocrx_word' id='word_1_310' title='bbox 678 2818 841 2883; x_wconf 87' lang='lat' dir='ltr'>intendens,</span> <span class='ocrx_word' id='word_1_311' title='bbox 852 2823 878 2871; x_wconf 92' lang='lat' dir='ltr'>ut</span> <span class='ocrx_word' id='word_1_312' title='bbox 901 2818 978 2889; x_wconf 91' lang='lat' dir='ltr'>quod</span> 
     </span>
     <span class='ocr_line' id='line_1_46' title="bbox 174 2909 979 2980; baseline -0.002 -16"><span class='ocrx_word' id='word_1_313' title='bbox 174 2909 287 2964; x_wconf 88' lang='lat' dir='ltr'>intense</span> <span class='ocrx_word' id='word_1_314' title='bbox 303 2925 353 2963; x_wconf 93' lang='lat' dir='ltr'>oro</span> <span class='ocrx_word' id='word_1_315' title='bbox 369 2909 481 2965; x_wconf 87' lang='lat' dir='ltr'>intense</span> <span class='ocrx_word' id='word_1_316' title='bbox 498 2909 653 2980; x_wconf 86' lang='lat' dir='ltr'>compleas,</span> <span class='ocrx_word' id='word_1_317' title='bbox 664 2913 693 2963; x_wconf 91' lang='lat' dir='ltr'>ul</span> <span class='ocrx_word' id='word_1_318' title='bbox 706 2926 752 2962; x_wconf 89' lang='lat' dir='ltr'>mo</span> <span class='ocrx_word' id='word_1_319' title='bbox 766 2909 897 2963; x_wconf 88' lang='lat' dir='ltr'>videlicet</span> <span class='ocrx_word' id='word_1_320' title='bbox 911 2909 979 2963; x_wconf 77' lang='lat' dir='ltr'>illae·</span> 
     </span>
    </p>
   </div>
   <div class='ocr_carea' id='block_1_9' title="bbox 1026 1832 1832 1906">
    <p class='ocr_par' dir='ltr' id='par_1_10' title="bbox 1026 1832 1832 1906">
     <span class='ocr_line' id='line_1_47' title="bbox 1026 1832 1832 1906; baseline -0.01 -16"><span class='ocrx_word' id='word_1_321' title='bbox 1026 1836 1138 1891; x_wconf 92' lang='lat' dir='ltr'>minum</span> <span class='ocrx_word' id='word_1_322' title='bbox 1154 1835 1283 1890; x_wconf 89' lang='lat' dir='ltr'>omnium</span> <span class='ocrx_word' id='word_1_323' title='bbox 1298 1852 1358 1889; x_wconf 90' lang='lat' dir='ltr'>csso</span> <span class='ocrx_word' id='word_1_324' title='bbox 1375 1877 1382 1901; x_wconf 91' lang='lat'>,</span> <span class='ocrx_word' id='word_1_325' title='bbox 1398 1852 1467 1906; x_wconf 89' lang='lat' dir='ltr'>spon</span> <span class='ocrx_word' id='word_1_326' title='bbox 1489 1833 1575 1888; x_wconf 88' lang='lat' dir='ltr'>habui</span> <span class='ocrx_word' id='word_1_327' title='bbox 1596 1832 1677 1904; x_wconf 88' lang='lat' dir='ltr'>quod</span> <span class='ocrx_word' id='word_1_328' title='bbox 1698 1848 1750 1885; x_wconf 90' lang='lat' dir='ltr'>me</span> <span class='ocrx_word' id='word_1_329' title='bbox 1773 1849 1832 1899; x_wconf 74' lang='lat' dir='ltr'>pes</span> 
     </span>
    </p>
   </div>
   <div class='ocr_carea' id='block_1_10' title="bbox 1025 1902 1833 2085">
    <p class='ocr_par' dir='ltr' id='par_1_11' title="bbox 1025 1902 1833 2085">
     <span class='ocr_line' id='line_1_48' title="bbox 1025 1902 1833 1996; baseline -0.007 -18"><span class='ocrx_word' id='word_1_330' title='bbox 1025 1929 1068 1980; x_wconf 87' lang='lat' dir='ltr'>sot</span> <span class='ocrx_word' id='word_1_331' title='bbox 1093 1942 1290 1980; x_wconf 83' lang='lat' dir='ltr'>remunerare.</span> <span class='ocrx_word' id='word_1_332' title='bbox 1318 1925 1462 1996; x_wconf 79' lang='lat' dir='ltr'>Speranti,</span> <span class='ocrx_word' id='word_1_333' title='bbox 1479 1924 1609 1994; x_wconf 88' lang='lat' dir='ltr'>inquam,</span> <span class='ocrx_word' id='word_1_334' title='bbox 1626 1924 1722 1976; x_wconf 86' lang='lat' dir='ltr'>animo</span> <span class='ocrx_word' id='word_1_335' title='bbox 1735 1902 1833 1991; x_wconf 79' lang='grc'>529</span> 
     </span>
     <span class='ocr_line' id='line_1_49' title="bbox 1027 2012 1833 2085; baseline -0.005 -19"><span class='ocrx_word' id='word_1_336' title='bbox 1027 2032 1085 2066; x_wconf 86' lang='lat' dir='ltr'>mre</span> <span class='ocrx_word' id='word_1_337' title='bbox 1102 2016 1128 2066; x_wconf 88' lang='lat' dir='ltr'>in</span> <span class='ocrx_word' id='word_1_338' title='bbox 1153 2015 1277 2080; x_wconf 87' lang='lat' dir='ltr'>Dornr&#39;no,</span> <span class='ocrx_word' id='word_1_339' title='bbox 1296 2014 1434 2085; x_wconf 86' lang='lat' dir='ltr'>incipiens</span> <span class='ocrx_word' id='word_1_340' title='bbox 1462 2029 1577 2083; x_wconf 88' lang='lat' dir='ltr'>sperare</span> <span class='ocrx_word' id='word_1_341' title='bbox 1593 2031 1609 2065; x_wconf 85' lang='lat' dir='ltr'>a</span> <span class='ocrx_word' id='word_1_342' title='bbox 1631 2012 1772 2065; x_wconf 78' lang='lat' dir='ltr'>mututinn</span> <span class='ocrx_word' id='word_1_343' title='bbox 1787 2027 1833 2066; x_wconf 83' lang='lat' dir='ltr'>ru-</span> 
     </span>
    </p>
   </div>
   <div class='ocr_carea' id='block_1_11' title="bbox 1025 2109 1838 2981">
    <p class='ocr_par' dir='ltr' id='par_1_12' title="bbox 1025 2109 1838 2981">
     <span class='ocr_line' id='line_1_50' title="bbox 1025 2109 1835 2182; baseline -0.006 -16"><span class='ocrx_word' id='word_1_344' title='bbox 1025 2114 1120 2178; x_wconf 81' lang='lat' dir='ltr'>stuliu,</span> <span class='ocrx_word' id='word_1_345' title='bbox 1139 2113 1166 2167; x_wconf 92' lang='lat' dir='ltr'>id</span> <span class='ocrx_word' id='word_1_346' title='bbox 1193 2118 1234 2167; x_wconf 87' lang='lat' dir='ltr'>est</span> <span class='ocrx_word' id='word_1_347' title='bbox 1254 2113 1353 2168; x_wconf 90' lang='lat' dir='ltr'>abillo</span> <span class='ocrx_word' id='word_1_348' title='bbox 1377 2114 1508 2182; x_wconf 89' lang='lat' dir='ltr'>tempore</span> <span class='ocrx_word' id='word_1_349' title='bbox 1525 2128 1558 2165; x_wconf 77' lang='lat' dir='ltr'>ex</span> <span class='ocrx_word' id='word_1_350' title='bbox 1573 2128 1631 2182; x_wconf 89' lang='lat' dir='ltr'>que</span> <span class='ocrx_word' id='word_1_351' title='bbox 1646 2127 1703 2181; x_wconf 83' lang='lat' dir='ltr'>ego</span> <span class='ocrx_word' id='word_1_352' title='bbox 1717 2109 1835 2162; x_wconf 86' lang='lat' dir='ltr'>veniens</span> 
     </span>
     <span class='ocr_line' id='line_1_51' title="bbox 1027 2199 1835 2268; baseline -0.006 -12"><span class='ocrx_word' id='word_1_353' title='bbox 1027 2202 1063 2256; x_wconf 85' lang='lat' dir='ltr'>ad</span> <span class='ocrx_word' id='word_1_354' title='bbox 1078 2221 1178 2268; x_wconf 89' lang='lat' dir='ltr'>mane,</span> <span class='ocrx_word' id='word_1_355' title='bbox 1193 2202 1222 2256; x_wconf 92' lang='lat' dir='ltr'>id</span> <span class='ocrx_word' id='word_1_356' title='bbox 1233 2206 1276 2256; x_wconf 89' lang='lat' dir='ltr'>est</span> <span class='ocrx_word' id='word_1_357' title='bbox 1287 2202 1322 2255; x_wconf 90' lang='lat' dir='ltr'>ad</span> <span class='ocrx_word' id='word_1_358' title='bbox 1339 2201 1500 2256; x_wconf 89' lang='lat' dir='ltr'>claritatem</span> <span class='ocrx_word' id='word_1_359' title='bbox 1511 2200 1587 2266; x_wconf 81' lang='lat' dir='ltr'>fidei,</span> <span class='ocrx_word' id='word_1_360' title='bbox 1596 2199 1746 2254; x_wconf 85' lang='lat' dir='ltr'>custodire</span> <span class='ocrx_word' id='word_1_361' title='bbox 1758 2215 1804 2253; x_wconf 85' lang='lat' dir='ltr'>mc</span> <span class='ocrx_word' id='word_1_362' title='bbox 1819 2216 1835 2251; x_wconf 92' lang='lat' dir='ltr'>a</span> 
     </span>
     <span class='ocr_line' id='line_1_52' title="bbox 1027 2289 1835 2364; baseline -0.006 -18"><span class='ocrx_word' id='word_1_363' title='bbox 1027 2292 1102 2348; x_wconf 77' lang='lat' dir='ltr'>uitiis</span> <span class='ocrx_word' id='word_1_364' title='bbox 1122 2292 1234 2364; x_wconf 77' lang='lat' dir='ltr'>increpi,</span> <span class='ocrx_word' id='word_1_365' title='bbox 1250 2295 1278 2346; x_wconf 91' lang='lat' dir='ltr'>et</span> <span class='ocrx_word' id='word_1_366' title='bbox 1292 2294 1457 2362; x_wconf 86' lang='lat' dir='ltr'>speraturus</span> <span class='ocrx_word' id='word_1_367' title='bbox 1476 2290 1504 2343; x_wconf 93' lang='lat' dir='ltr'>in</span> <span class='ocrx_word' id='word_1_368' title='bbox 1520 2289 1641 2344; x_wconf 91' lang='lat' dir='ltr'>domino</span> <span class='ocrx_word' id='word_1_369' title='bbox 1658 2305 1726 2343; x_wconf 89' lang='lat' dir='ltr'>sum</span> <span class='ocrx_word' id='word_1_370' title='bbox 1744 2304 1835 2359; x_wconf 82' lang='lat' dir='ltr'>perse-</span> 
     </span>
     <span class='ocr_line' id='line_1_53' title="bbox 1027 2377 1833 2451; baseline -0.009 -15"><span class='ocrx_word' id='word_1_371' title='bbox 1027 2384 1160 2437; x_wconf 87' lang='lat' dir='ltr'>veranter</span> <span class='ocrx_word' id='word_1_372' title='bbox 1180 2398 1261 2451; x_wconf 73' lang='lat' dir='ltr'>uqrre</span> <span class='ocrx_word' id='word_1_373' title='bbox 1286 2379 1321 2433; x_wconf 86' lang='lat' dir='ltr'>ud</span> <span class='ocrx_word' id='word_1_374' title='bbox 1342 2386 1452 2445; x_wconf 76' lang='lat' dir='ltr'>nudem,</span> <span class='ocrx_word' id='word_1_375' title='bbox 1470 2378 1555 2432; x_wconf 89' lang='lat' dir='ltr'>idest</span> <span class='ocrx_word' id='word_1_376' title='bbox 1577 2394 1668 2448; x_wconf 88' lang='lat' dir='ltr'>usque</span> <span class='ocrx_word' id='word_1_377' title='bbox 1690 2377 1729 2432; x_wconf 89' lang='lat' dir='ltr'>ad</span> <span class='ocrx_word' id='word_1_378' title='bbox 1749 2377 1833 2430; x_wconf 84' lang='lat' dir='ltr'>linem</span> 
     </span>
     <span class='ocr_line' id='line_1_54' title="bbox 1026 2466 1834 2541; baseline -0.007 -17"><span class='ocrx_word' id='word_1_379' title='bbox 1026 2471 1110 2541; x_wconf 88' lang='lat' dir='ltr'>hujus</span> <span class='ocrx_word' id='word_1_380' title='bbox 1124 2470 1197 2523; x_wconf 71' lang='lat' dir='ltr'>vitm</span> <span class='ocrx_word' id='word_1_381' title='bbox 1212 2470 1243 2522; x_wconf 84' lang='lat' dir='ltr'>Et</span> <span class='ocrx_word' id='word_1_382' title='bbox 1255 2468 1322 2540; x_wconf 89' lang='lat' dir='ltr'>quia</span> <span class='ocrx_word' id='word_1_383' title='bbox 1338 2484 1391 2538; x_wconf 81' lang='lat' dir='ltr'>ego</span> <span class='ocrx_word' id='word_1_384' title='bbox 1405 2466 1514 2538; x_wconf 87' lang='lat' dir='ltr'>speravi</span> <span class='ocrx_word' id='word_1_385' title='bbox 1528 2469 1556 2520; x_wconf 87' lang='lat' dir='ltr'>et</span> <span class='ocrx_word' id='word_1_386' title='bbox 1571 2482 1690 2538; x_wconf 90' lang='lat' dir='ltr'>semper</span> <span class='ocrx_word' id='word_1_387' title='bbox 1706 2471 1834 2538; x_wconf 82' lang='lat' dir='ltr'>speratu-</span> 
     </span>
     <span class='ocr_line' id='line_1_55' title="bbox 1027 2555 1835 2629; baseline -0.007 -15"><span class='ocrx_word' id='word_1_388' title='bbox 1027 2576 1075 2614; x_wconf 86' lang='lat' dir='ltr'>rus</span> <span class='ocrx_word' id='word_1_389' title='bbox 1090 2575 1164 2624; x_wconf 92' lang='lat' dir='ltr'>sum,</span> <span class='ocrx_word' id='word_1_390' title='bbox 1177 2559 1308 2629; x_wconf 84' lang='lat' dir='ltr'>exemplo</span> <span class='ocrx_word' id='word_1_391' title='bbox 1322 2557 1378 2611; x_wconf 90' lang='lat' dir='ltr'>mci</span> <span class='ocrx_word' id='word_1_392' title='bbox 1401 2562 1485 2627; x_wconf 69' lang='lat' dir='ltr'>speret</span> <span class='ocrx_word' id='word_1_393' title='bbox 1499 2557 1526 2608; x_wconf 83' lang='lat' dir='ltr'>in</span> <span class='ocrx_word' id='word_1_394' title='bbox 1536 2555 1654 2609; x_wconf 84' lang='lat' dir='ltr'>Domino</span> <span class='ocrx_word' id='word_1_395' title='bbox 1670 2555 1835 2627; x_wconf 83' lang='lat' dir='ltr'>quicunque</span> 
     </span>
     <span class='ocr_line' id='line_1_56' title="bbox 1028 2643 1834 2717; baseline -0.004 -17"><span class='ocrx_word' id='word_1_396' title='bbox 1028 2650 1071 2701; x_wconf 86' lang='lat' dir='ltr'>est</span> <span class='ocrx_word' id='word_1_397' title='bbox 1087 2647 1179 2700; x_wconf 85' lang='lat' dir='ltr'>lsrurt.</span> <span class='ocrx_word' id='word_1_398' title='bbox 1198 2647 1231 2700; x_wconf 88' lang='lat' dir='ltr'>Et</span> <span class='ocrx_word' id='word_1_399' title='bbox 1249 2662 1308 2700; x_wconf 93' lang='lat' dir='ltr'>non</span> <span class='ocrx_word' id='word_1_400' title='bbox 1330 2648 1425 2717; x_wconf 85' lang='lat' dir='ltr'>speret</span> <span class='ocrx_word' id='word_1_401' title='bbox 1449 2661 1482 2698; x_wconf 86' lang='lat' dir='ltr'>ox</span> <span class='ocrx_word' id='word_1_402' title='bbox 1507 2643 1618 2697; x_wconf 90' lang='lat' dir='ltr'>meritis</span> <span class='ocrx_word' id='word_1_403' title='bbox 1634 2643 1705 2710; x_wconf 91' lang='lat' dir='ltr'>suis,</span> <span class='ocrx_word' id='word_1_404' title='bbox 1729 2643 1779 2697; x_wconf 88' lang='lat' dir='ltr'>scd</span> <span class='ocrx_word' id='word_1_405' title='bbox 1805 2660 1834 2697; x_wconf 84' lang='lat' dir='ltr'>er</span> 
     </span>
     <span class='ocr_line' id='line_1_57' title="bbox 1029 2731 1835 2806; baseline -0.007 -16"><span class='ocrx_word' id='word_1_406' title='bbox 1029 2735 1153 2806; x_wconf 74' lang='lat' dir='ltr'>gratuita</span> <span class='ocrx_word' id='word_1_407' title='bbox 1170 2733 1365 2789; x_wconf 87' lang='lat' dir='ltr'>misericordia</span> <span class='ocrx_word' id='word_1_408' title='bbox 1380 2732 1505 2789; x_wconf 89' lang='lat' dir='ltr'>Domini.</span> <span class='ocrx_word' id='word_1_409' title='bbox 1521 2732 1591 2798; x_wconf 85' lang='lat' dir='ltr'>Quia</span> <span class='ocrx_word' id='word_1_410' title='bbox 1607 2731 1792 2785; x_wconf 76' lang='lat' dir='ltr'>misericordia</span> <span class='ocrx_word' id='word_1_411' title='bbox 1802 2737 1835 2784; x_wconf 77' lang='lat' dir='ltr'>est</span> 
     </span>
     <span class='ocr_line' id='line_1_58' title="bbox 1028 2819 1837 2895; baseline -0.005 -19"><span class='ocrx_word' id='word_1_412' title='bbox 1028 2825 1099 2895; x_wconf 86' lang='lat' dir='ltr'>opud</span> <span class='ocrx_word' id='word_1_413' title='bbox 1113 2824 1269 2888; x_wconf 86' lang='lat' dir='ltr'>Dominum,</span> <span class='ocrx_word' id='word_1_414' title='bbox 1291 2821 1380 2876; x_wconf 88' lang='lat' dir='ltr'>idest</span> <span class='ocrx_word' id='word_1_415' title='bbox 1406 2821 1435 2875; x_wconf 90' lang='lat' dir='ltr'>in</span> <span class='ocrx_word' id='word_1_416' title='bbox 1451 2823 1553 2874; x_wconf 89' lang='lat' dir='ltr'>natura</span> <span class='ocrx_word' id='word_1_417' title='bbox 1577 2819 1710 2882; x_wconf 88' lang='lat' dir='ltr'>Domini,</span> <span class='ocrx_word' id='word_1_418' title='bbox 1735 2820 1837 2873; x_wconf 79' lang='lat' dir='ltr'>seilicet</span> 
     </span>
     <span class='ocr_line' id='line_1_59' title="bbox 1029 2906 1838 2981; baseline -0.01 -14"><span class='ocrx_word' id='word_1_419' title='bbox 1029 2912 1160 2967; x_wconf 89' lang='lat' dir='ltr'>naturale</span> <span class='ocrx_word' id='word_1_420' title='bbox 1175 2914 1217 2965; x_wconf 86' lang='lat' dir='ltr'>est</span> <span class='ocrx_word' id='word_1_421' title='bbox 1232 2910 1257 2965; x_wconf 87' lang='lat' dir='ltr'>ei</span> <span class='ocrx_word' id='word_1_422' title='bbox 1274 2912 1304 2964; x_wconf 85' lang='lat' dir='ltr'>ut</span> <span class='ocrx_word' id='word_1_423' title='bbox 1318 2909 1496 2981; x_wconf 88' lang='lat' dir='ltr'>sperantium</span> <span class='ocrx_word' id='word_1_424' title='bbox 1510 2909 1538 2962; x_wconf 92' lang='lat' dir='ltr'>in</span> <span class='ocrx_word' id='word_1_425' title='bbox 1554 2925 1583 2962; x_wconf 87' lang='lat' dir='ltr'>se</span> <span class='ocrx_word' id='word_1_426' title='bbox 1600 2908 1788 2962; x_wconf 86' lang='lat' dir='ltr'>misereatur.</span> <span class='ocrx_word' id='word_1_427' title='bbox 1804 2906 1838 2959; x_wconf 83' lang='lat' dir='ltr'>Et</span> 
     </span>
    </p>
   </div>
   <div class='ocr_carea' id='block_1_12' title="bbox 115 2996 1840 3247">
    <p class='ocr_par' dir='ltr' id='par_1_13' title="bbox 115 2996 1840 3247">
     <span class='ocr_line' id='line_1_60' title="bbox 115 2996 1838 3079; baseline -0.004 -27"><span class='ocrx_word' id='word_1_428' title='bbox 115 3049 121 3063; x_wconf 83' lang='grc'><em>,</em></span> <span class='ocrx_word' id='word_1_429' title='bbox 174 3015 237 3053; x_wconf 89' lang='lat' dir='ltr'>sum</span> <span class='ocrx_word' id='word_1_430' title='bbox 264 3000 292 3051; x_wconf 86' lang='lat' dir='ltr'>in</span> <span class='ocrx_word' id='word_1_431' title='bbox 306 2998 449 3069; x_wconf 72' lang='lat' dir='ltr'>proscindas</span> <span class='ocrx_word' id='word_1_432' title='bbox 467 2997 688 3053; x_wconf 88' lang='lat' dir='ltr'>tribulationum</span> <span class='ocrx_word' id='word_1_433' title='bbox 713 2999 873 3066; x_wconf 79' lang='lat' dir='ltr'>custodias;</span> <span class='ocrx_word' id='word_1_434' title='bbox 892 2999 934 3053; x_wconf 92' lang='lat' dir='ltr'>vel</span> <span class='ocrx_word' id='word_1_435' title='bbox 952 3000 1095 3079; x_wconf 63' lang='lat' dir='ltr'>incides</span> <span class='ocrx_word' id='word_1_436' title='bbox 1121 2999 1207 3054; x_wconf 90' lang='lat' dir='ltr'>etiam</span> <span class='ocrx_word' id='word_1_437' title='bbox 1232 3001 1338 3069; x_wconf 85' lang='lat' dir='ltr'>speret,</span> <span class='ocrx_word' id='word_1_438' title='bbox 1361 2997 1513 3069; x_wconf 84' lang='lat' dir='ltr'>qnianpnd</span> <span class='ocrx_word' id='word_1_439' title='bbox 1528 3013 1586 3050; x_wconf 86' lang='lat' dir='ltr'>curn</span> <span class='ocrx_word' id='word_1_440' title='bbox 1615 2996 1838 3066; x_wconf 80' lang='lat' dir='ltr'>copiesnrcdem-</span> 
     </span>
     <span class='ocr_line' id='line_1_61' title="bbox 173 3084 1838 3161; baseline -0.003 -19"><span class='ocrx_word' id='word_1_441' title='bbox 173 3103 263 3142; x_wconf 84' lang='lat' dir='ltr'>roccm</span> <span class='ocrx_word' id='word_1_442' title='bbox 281 3087 473 3157; x_wconf 80' lang='lat' dir='ltr'>deprecationis</span> <span class='ocrx_word' id='word_1_443' title='bbox 489 3084 563 3153; x_wconf 55' lang='lat' dir='ltr'>nr&#39;ea‘,</span> <span class='ocrx_word' id='word_1_444' title='bbox 587 3087 614 3140; x_wconf 94' lang='lat' dir='ltr'>id</span> <span class='ocrx_word' id='word_1_445' title='bbox 640 3090 682 3141; x_wconf 90' lang='lat' dir='ltr'>cst</span> <span class='ocrx_word' id='word_1_446' title='bbox 707 3086 735 3140; x_wconf 92' lang='lat' dir='ltr'>in</span> <span class='ocrx_word' id='word_1_447' title='bbox 761 3103 859 3141; x_wconf 89' lang='lat' dir='ltr'>vocem</span> <span class='ocrx_word' id='word_1_448' title='bbox 882 3104 981 3158; x_wconf 87' lang='lat' dir='ltr'>proce·</span> <span class='ocrx_word' id='word_1_449' title='bbox 1025 3091 1094 3161; x_wconf 82' lang='lat' dir='ltr'>prio,</span> <span class='ocrx_word' id='word_1_450' title='bbox 1124 3088 1151 3142; x_wconf 92' lang='lat' dir='ltr'>id</span> <span class='ocrx_word' id='word_1_451' title='bbox 1166 3091 1206 3142; x_wconf 91' lang='lat' dir='ltr'>est</span> <span class='ocrx_word' id='word_1_452' title='bbox 1223 3088 1290 3158; x_wconf 89' lang='lat' dir='ltr'>quia</span> <span class='ocrx_word' id='word_1_453' title='bbox 1305 3089 1399 3140; x_wconf 89' lang='lat' dir='ltr'>morto</span> <span class='ocrx_word' id='word_1_454' title='bbox 1424 3103 1475 3140; x_wconf 82' lang='lat' dir='ltr'>sua</span> <span class='ocrx_word' id='word_1_455' title='bbox 1490 3085 1613 3140; x_wconf 88' lang='lat' dir='ltr'>redimet</span> <span class='ocrx_word' id='word_1_456' title='bbox 1637 3101 1749 3138; x_wconf 87' lang='lat' dir='ltr'>omnes</span> <span class='ocrx_word' id='word_1_457' title='bbox 1767 3084 1795 3137; x_wconf 91' lang='lat' dir='ltr'>in</span> <span class='ocrx_word' id='word_1_458' title='bbox 1811 3101 1838 3137; x_wconf 85' lang='lat' dir='ltr'>se</span> 
     </span>
     <span class='ocr_line' id='line_1_62' title="bbox 174 3172 1840 3247; baseline -0.004 -17"><span class='ocrx_word' id='word_1_459' title='bbox 174 3175 292 3230; x_wconf 88' lang='lat' dir='ltr'>dentem</span> <span class='ocrx_word' id='word_1_460' title='bbox 304 3193 337 3230; x_wconf 88' lang='lat' dir='ltr'>ex</span> <span class='ocrx_word' id='word_1_461' title='bbox 349 3174 664 3247; x_wconf 82' lang='lat' dir='ltr'>deprecationeintensi</span> <span class='ocrx_word' id='word_1_462' title='bbox 678 3175 811 3229; x_wconf 88' lang='lat' dir='ltr'>clamoris</span> <span class='ocrx_word' id='word_1_463' title='bbox 825 3175 978 3230; x_wconf 87' lang='lat' dir='ltr'>interioris.</span> <span class='ocrx_word' id='word_1_464' title='bbox 1031 3179 1193 3247; x_wconf 86' lang='lat' dir='ltr'>speraturos</span> <span class='ocrx_word' id='word_1_465' title='bbox 1209 3178 1267 3229; x_wconf 89' lang='lat' dir='ltr'>tam</span> <span class='ocrx_word' id='word_1_466' title='bbox 1282 3174 1404 3246; x_wconf 79' lang='lat' dir='ltr'>gentiles</span> <span class='ocrx_word' id='word_1_467' title='bbox 1415 3189 1501 3246; x_wconf 91' lang='lat' dir='ltr'>quam</span> <span class='ocrx_word' id='word_1_468' title='bbox 1517 3172 1641 3228; x_wconf 82' lang='lat' dir='ltr'>Judaees.</span> <span class='ocrx_word' id='word_1_469' title='bbox 1658 3172 1709 3226; x_wconf 79' lang='lat' dir='ltr'>vel</span> <span class='ocrx_word' id='word_1_470' title='bbox 1735 3173 1840 3242; x_wconf 74' lang='lat' dir='ltr'>coprem</span> 
     </span>
    </p>
   </div>
   <div class='ocr_carea' id='block_1_13' title="bbox 173 3261 983 5636">
    <p class='ocr_par' dir='ltr' id='par_1_14' title="bbox 173 3261 980 3776">
     <span class='ocr_line' id='line_1_63' title="bbox 174 3261 979 3336; baseline -0.001 -19"><span class='ocrx_word' id='word_1_471' title='bbox 174 3263 337 3318; x_wconf 89' lang='lat' dir='ltr'>Notandum</span> <span class='ocrx_word' id='word_1_472' title='bbox 347 3261 979 3336; x_wconf 85' lang='lat' dir='ltr'>quia,quodponitnpostroplraticoadDeum,</span> 
     </span>
     <span class='ocr_line' id='line_1_64' title="bbox 173 3349 980 3421; baseline 0.001 -17"><span class='ocrx_word' id='word_1_473' title='bbox 173 3352 205 3404; x_wconf 88' lang='lat' dir='ltr'>dc</span> <span class='ocrx_word' id='word_1_474' title='bbox 222 3352 366 3421; x_wconf 79' lang='lat' dir='ltr'>profundis</span> <span class='ocrx_word' id='word_1_475' title='bbox 385 3352 502 3406; x_wconf 80' lang='lat' dir='ltr'>ctrrmori</span> <span class='ocrx_word' id='word_1_476' title='bbox 521 3351 557 3403; x_wconf 82' lang='lat' dir='ltr'>nd</span> <span class='ocrx_word' id='word_1_477' title='bbox 576 3357 610 3416; x_wconf 83' lang='lat' dir='ltr'>te,</span> <span class='ocrx_word' id='word_1_478' title='bbox 629 3350 754 3416; x_wconf 83' lang='lat' dir='ltr'>Borrine,</span> <span class='ocrx_word' id='word_1_479' title='bbox 775 3351 828 3404; x_wconf 86' lang='lat' dir='ltr'>lroc</span> <span class='ocrx_word' id='word_1_480' title='bbox 856 3349 924 3406; x_wconf 86' lang='lat' dir='ltr'>lacit</span> <span class='ocrx_word' id='word_1_481' title='bbox 944 3351 980 3405; x_wconf 85' lang='lat' dir='ltr'>ad</span> 
     </span>
     <span class='ocr_line' id='line_1_65' title="bbox 174 3438 978 3511; baseline 0.001 -18"><span class='ocrx_word' id='word_1_482' title='bbox 174 3439 333 3511; x_wconf 80' lang='lat' dir='ltr'>gratiarum</span> <span class='ocrx_word' id='word_1_483' title='bbox 348 3438 485 3504; x_wconf 89' lang='lat' dir='ltr'>actiones,</span> <span class='ocrx_word' id='word_1_484' title='bbox 503 3456 535 3493; x_wconf 86' lang='lat' dir='ltr'>ex</span> <span class='ocrx_word' id='word_1_485' title='bbox 552 3455 585 3493; x_wconf 89' lang='lat' dir='ltr'>oo</span> <span class='ocrx_word' id='word_1_486' title='bbox 600 3439 677 3510; x_wconf 90' lang='lat' dir='ltr'>quod</span> <span class='ocrx_word' id='word_1_487' title='bbox 694 3438 786 3509; x_wconf 90' lang='lat' dir='ltr'>ipsum</span> <span class='ocrx_word' id='word_1_488' title='bbox 803 3440 978 3494; x_wconf 86' lang='lat' dir='ltr'>clamantem</span> 
     </span>
     <span class='ocr_line' id='line_1_66' title="bbox 176 3526 979 3597; baseline 0 -16"><span class='ocrx_word' id='word_1_489' title='bbox 176 3526 253 3584; x_wconf 84' lang='lat' dir='ltr'>fecit.</span> <span class='ocrx_word' id='word_1_490' title='bbox 269 3528 302 3580; x_wconf 88' lang='lat' dir='ltr'>Et</span> <span class='ocrx_word' id='word_1_491' title='bbox 319 3542 369 3597; x_wconf 91' lang='lat' dir='ltr'>per</span> <span class='ocrx_word' id='word_1_492' title='bbox 390 3528 443 3583; x_wconf 91' lang='lat' dir='ltr'>lroc</span> <span class='ocrx_word' id='word_1_493' title='bbox 460 3527 574 3582; x_wconf 88' lang='lat' dir='ltr'>instruit</span> <span class='ocrx_word' id='word_1_494' title='bbox 591 3528 746 3593; x_wconf 88' lang='lat' dir='ltr'>auditores,</span> <span class='ocrx_word' id='word_1_495' title='bbox 773 3530 882 3581; x_wconf 75' lang='lat' dir='ltr'>ericum</span> <span class='ocrx_word' id='word_1_496' title='bbox 909 3528 979 3581; x_wconf 89' lang='lat' dir='ltr'>ssent</span> 
     </span>
     <span class='ocr_line' id='line_1_67' title="bbox 175 3616 979 3688; baseline 0.004 -20"><span class='ocrx_word' id='word_1_497' title='bbox 175 3616 342 3681; x_wconf 87' lang='lat' dir='ltr'>clamantes,</span> <span class='ocrx_word' id='word_1_498' title='bbox 352 3632 385 3670; x_wconf 83' lang='lat' dir='ltr'>cr</span> <span class='ocrx_word' id='word_1_499' title='bbox 403 3616 456 3670; x_wconf 92' lang='lat' dir='ltr'>hoc</span> <span class='ocrx_word' id='word_1_500' title='bbox 468 3616 528 3688; x_wconf 87' lang='lat' dir='ltr'>ipso</span> <span class='ocrx_word' id='word_1_501' title='bbox 545 3617 621 3688; x_wconf 89' lang='lat' dir='ltr'>quod</span> <span class='ocrx_word' id='word_1_502' title='bbox 638 3618 796 3670; x_wconf 85' lang='lat' dir='ltr'>clamantes</span> <span class='ocrx_word' id='word_1_503' title='bbox 811 3618 905 3682; x_wconf 89' lang='lat' dir='ltr'>erunt,</span> <span class='ocrx_word' id='word_1_504' title='bbox 920 3618 979 3671; x_wconf 86' lang='lat' dir='ltr'>Deo</span> 
     </span>
     <span class='ocr_line' id='line_1_68' title="bbox 175 3704 423 3776; baseline 0.012 -17"><span class='ocrx_word' id='word_1_505' title='bbox 175 3704 302 3759; x_wconf 84' lang='lat' dir='ltr'>referant</span> <span class='ocrx_word' id='word_1_506' title='bbox 317 3707 423 3776; x_wconf 78' lang='lat' dir='ltr'>gratos</span> 
     </span>
    </p>

    <p class='ocr_par' dir='ltr' id='par_1_15' title="bbox 175 3792 983 5636">
     <span class='ocr_line' id='line_1_69' title="bbox 210 3792 980 3864; baseline 0.003 -18"><span class='ocrx_word' id='word_1_507' title='bbox 210 3792 443 3864; x_wconf 81' lang='lat' dir='ltr'>Fiunt‚inquam,</span> <span class='ocrx_word' id='word_1_508' title='bbox 454 3811 530 3847; x_wconf 79' lang='lat' dir='ltr'>nrum</span> <span class='ocrx_word' id='word_1_509' title='bbox 547 3801 597 3846; x_wconf 77' lang='lat' dir='ltr'>ture</span> <span class='ocrx_word' id='word_1_510' title='bbox 605 3793 774 3847; x_wconf 80' lang='lat' dir='ltr'>intendentes.</span> <span class='ocrx_word' id='word_1_511' title='bbox 785 3793 824 3847; x_wconf 74' lang='lat' dir='ltr'>No</span> <span class='ocrx_word' id='word_1_512' title='bbox 835 3794 980 3848; x_wconf 81' lang='lat' dir='ltr'>rerofiant</span> 
     </span>
     <span class='ocr_line' id='line_1_70' title="bbox 176 3882 979 3953; baseline -0.001 -15"><span class='ocrx_word' id='word_1_513' title='bbox 176 3899 233 3938; x_wconf 93' lang='lat' dir='ltr'>non</span> <span class='ocrx_word' id='word_1_514' title='bbox 260 3883 452 3950; x_wconf 88' lang='lat' dir='ltr'>intendentes,</span> <span class='ocrx_word' id='word_1_515' title='bbox 479 3899 538 3938; x_wconf 93' lang='lat' dir='ltr'>non</span> <span class='ocrx_word' id='word_1_516' title='bbox 555 3884 686 3937; x_wconf 79' lang='lat' dir='ltr'>observes</span> <span class='ocrx_word' id='word_1_517' title='bbox 701 3882 866 3953; x_wconf 84' lang='lat' dir='ltr'>iniquitates</span> <span class='ocrx_word' id='word_1_518' title='bbox 891 3900 979 3947; x_wconf 89' lang='lat' dir='ltr'>meas,</span> 
     </span>
     <span class='ocr_line' id='line_1_71' title="bbox 175 3970 981 4043; baseline 0.002 -19"><span class='ocrx_word' id='word_1_519' title='bbox 175 3971 204 4024; x_wconf 91' lang='lat' dir='ltr'>id</span> <span class='ocrx_word' id='word_1_520' title='bbox 221 3975 264 4025; x_wconf 86' lang='lat' dir='ltr'>est</span> <span class='ocrx_word' id='word_1_521' title='bbox 279 3988 337 4026; x_wconf 93' lang='lat' dir='ltr'>non</span> <span class='ocrx_word' id='word_1_522' title='bbox 349 3972 455 4026; x_wconf 89' lang='lat' dir='ltr'>babeas</span> <span class='ocrx_word' id='word_1_523' title='bbox 469 3988 517 4026; x_wconf 88' lang='lat' dir='ltr'>eas</span> <span class='ocrx_word' id='word_1_524' title='bbox 533 3971 561 4025; x_wconf 94' lang='lat' dir='ltr'>in</span> <span class='ocrx_word' id='word_1_525' title='bbox 579 3970 721 4025; x_wconf 90' lang='lat' dir='ltr'>memoria</span> <span class='ocrx_word' id='word_1_526' title='bbox 731 3970 802 4024; x_wconf 90' lang='lat' dir='ltr'>sicut</span> <span class='ocrx_word' id='word_1_527' title='bbox 815 3972 917 4043; x_wconf 88' lang='lat' dir='ltr'>punire</span> <span class='ocrx_word' id='word_1_528' title='bbox 928 3972 981 4026; x_wconf 89' lang='lat' dir='ltr'>dis-</span> 
     </span>
     <span class='ocr_line' id='line_1_72' title="bbox 176 4059 979 4134; baseline 0.005 -22"><span class='ocrx_word' id='word_1_529' title='bbox 176 4075 277 4130; x_wconf 90' lang='lat' dir='ltr'>ponas,</span> <span class='ocrx_word' id='word_1_530' title='bbox 292 4061 320 4112; x_wconf 89' lang='lat' dir='ltr'>el</span> <span class='ocrx_word' id='word_1_531' title='bbox 335 4059 428 4113; x_wconf 88' lang='lat' dir='ltr'>sicme</span> <span class='ocrx_word' id='word_1_532' title='bbox 439 4060 560 4114; x_wconf 86' lang='lat' dir='ltr'>delicere</span> <span class='ocrx_word' id='word_1_533' title='bbox 576 4077 593 4114; x_wconf 88' lang='lat' dir='ltr'>a</span> <span class='ocrx_word' id='word_1_534' title='bbox 608 4061 770 4115; x_wconf 89' lang='lat' dir='ltr'>constantia</span> <span class='ocrx_word' id='word_1_535' title='bbox 780 4078 845 4116; x_wconf 91' lang='lat' dir='ltr'>mea</span> <span class='ocrx_word' id='word_1_536' title='bbox 859 4063 979 4134; x_wconf 90' lang='lat' dir='ltr'>permit-</span> 
     </span>
     <span class='ocr_line' id='line_1_73' title="bbox 175 4145 982 4219; baseline 0.006 -19"><span class='ocrx_word' id='word_1_537' title='bbox 175 4150 230 4200; x_wconf 88' lang='lat' dir='ltr'>tas.</span> <span class='ocrx_word' id='word_1_538' title='bbox 255 4145 288 4201; x_wconf 88' lang='lat' dir='ltr'>Si</span> <span class='ocrx_word' id='word_1_539' title='bbox 306 4146 383 4201; x_wconf 87' lang='lat' dir='ltr'>enim</span> <span class='ocrx_word' id='word_1_540' title='bbox 402 4149 554 4219; x_wconf 79' lang='lat' dir='ltr'>iniquitates</span> <span class='ocrx_word' id='word_1_541' title='bbox 569 4151 598 4201; x_wconf 88' lang='lat' dir='ltr'>et</span> <span class='ocrx_word' id='word_1_542' title='bbox 613 4165 692 4202; x_wconf 87' lang='lat' dir='ltr'>meas</span> <span class='ocrx_word' id='word_1_543' title='bbox 708 4153 737 4203; x_wconf 88' lang='lat' dir='ltr'>et</span> <span class='ocrx_word' id='word_1_544' title='bbox 751 4156 922 4205; x_wconf 71' lang='lat' dir='ltr'>coeterorum</span> <span class='ocrx_word' id='word_1_545' title='bbox 938 4153 982 4205; x_wconf 86' lang='lat' dir='ltr'>ob·</span> 
     </span>
     <span class='ocr_line' id='line_1_74' title="bbox 176 4235 980 4309; baseline 0.006 -21"><span class='ocrx_word' id='word_1_546' title='bbox 176 4237 330 4301; x_wconf 78' lang='lat' dir='ltr'>servareris,</span> <span class='ocrx_word' id='word_1_547' title='bbox 348 4237 377 4289; x_wconf 91' lang='lat' dir='ltr'>ut</span> <span class='ocrx_word' id='word_1_548' title='bbox 394 4252 445 4290; x_wconf 82' lang='lat' dir='ltr'>eas</span> <span class='ocrx_word' id='word_1_549' title='bbox 460 4235 612 4303; x_wconf 85' lang='lat' dir='ltr'>ulciscaris,</span> <span class='ocrx_word' id='word_1_550' title='bbox 626 4236 750 4306; x_wconf 84' lang='lat' dir='ltr'>Domine,</span> <span class='ocrx_word' id='word_1_551' title='bbox 767 4241 825 4309; x_wconf 83' lang='lat' dir='ltr'>quis</span> <span class='ocrx_word' id='word_1_552' title='bbox 843 4241 980 4293; x_wconf 80' lang='lat' dir='ltr'>nrstinetrit</span> 
     </span>
     <span class='ocr_line' id='line_1_75' title="bbox 176 4324 979 4398; baseline 0.006 -21"><span class='ocrx_word' id='word_1_553' title='bbox 176 4327 205 4378; x_wconf 90' lang='lat' dir='ltr'>te</span> <span class='ocrx_word' id='word_1_554' title='bbox 222 4324 344 4380; x_wconf 89' lang='lat' dir='ltr'>Domine</span> <span class='ocrx_word' id='word_1_555' title='bbox 360 4324 411 4379; x_wconf 78' lang='lat' dir='ltr'>‘tid</span> <span class='ocrx_word' id='word_1_556' title='bbox 424 4328 467 4379; x_wconf 85' lang='lat' dir='ltr'>est</span> <span class='ocrx_word' id='word_1_557' title='bbox 480 4325 542 4397; x_wconf 88' lang='lat' dir='ltr'>quis</span> <span class='ocrx_word' id='word_1_558' title='bbox 558 4325 725 4382; x_wconf 89' lang='lat' dir='ltr'>sustinendo</span> <span class='ocrx_word' id='word_1_559' title='bbox 738 4345 789 4398; x_wconf 91' lang='lat' dir='ltr'>pro</span> <span class='ocrx_word' id='word_1_560' title='bbox 814 4331 842 4382; x_wconf 91' lang='lat' dir='ltr'>te</span> <span class='ocrx_word' id='word_1_561' title='bbox 861 4328 979 4384; x_wconf 88' lang='lat' dir='ltr'>tribula·</span> 
     </span>
     <span class='ocr_line' id='line_1_76' title="bbox 176 4412 980 4488; baseline 0.006 -22"><span class='ocrx_word' id='word_1_562' title='bbox 176 4412 280 4480; x_wconf 89' lang='lat' dir='ltr'>tiones,</span> <span class='ocrx_word' id='word_1_563' title='bbox 291 4415 320 4467; x_wconf 92' lang='lat' dir='ltr'>te</span> <span class='ocrx_word' id='word_1_564' title='bbox 340 4416 591 4470; x_wconf 88' lang='lat' dir='ltr'>remuneratorem</span> <span class='ocrx_word' id='word_1_565' title='bbox 600 4416 774 4488; x_wconf 84' lang='lat' dir='ltr'>exspectabit</span> <span class='ocrx_word' id='word_1_566' title='bbox 785 4416 798 4470; x_wconf 81' lang='lat' dir='ltr'>i</span> <span class='ocrx_word' id='word_1_567' title='bbox 811 4416 917 4471; x_wconf 86' lang='lat' dir='ltr'>Nullus.</span> <span class='ocrx_word' id='word_1_568' title='bbox 940 4419 980 4472; x_wconf 81' lang='lat' dir='ltr'>Ac</span> 
     </span>
     <span class='ocr_line' id='line_1_77' title="bbox 177 4498 978 4577; baseline 0.01 -24"><span class='ocrx_word' id='word_1_569' title='bbox 177 4498 200 4553; x_wconf 92' lang='lat' dir='ltr'>si</span> <span class='ocrx_word' id='word_1_570' title='bbox 216 4501 291 4556; x_wconf 90' lang='lat' dir='ltr'>dicat</span> <span class='ocrx_word' id='word_1_571' title='bbox 307 4502 391 4557; x_wconf 86' lang='lat' dir='ltr'>:Noli</span> <span class='ocrx_word' id='word_1_572' title='bbox 406 4519 493 4556; x_wconf 87' lang='lat' dir='ltr'>-meas</span> <span class='ocrx_word' id='word_1_573' title='bbox 513 4502 678 4574; x_wconf 86' lang='lat' dir='ltr'>iniquitates</span> <span class='ocrx_word' id='word_1_574' title='bbox 694 4505 855 4572; x_wconf 86' lang='lat' dir='ltr'>observare,</span> <span class='ocrx_word' id='word_1_575' title='bbox 881 4509 912 4559; x_wconf 94' lang='lat' dir='ltr'>ut</span> <span class='ocrx_word' id='word_1_576' title='bbox 927 4522 978 4577; x_wconf 90' lang='lat' dir='ltr'>pro</span> 
     </span>
     <span class='ocr_line' id='line_1_78' title="bbox 178 4587 978 4663; baseline 0.01 -22"><span class='ocrx_word' id='word_1_577' title='bbox 178 4587 217 4642; x_wconf 88' lang='lat' dir='ltr'>eis</span> <span class='ocrx_word' id='word_1_578' title='bbox 233 4605 279 4643; x_wconf 89' lang='lat' dir='ltr'>me</span> <span class='ocrx_word' id='word_1_579' title='bbox 288 4589 652 4661; x_wconf 85' lang='lat' dir='ltr'>delicerepermiltas.Nern</span> <span class='ocrx_word' id='word_1_580' title='bbox 664 4596 688 4647; x_wconf 82' lang='lat' dir='ltr'>si</span> <span class='ocrx_word' id='word_1_581' title='bbox 698 4610 776 4647; x_wconf 88' lang='lat' dir='ltr'>meas</span> <span class='ocrx_word' id='word_1_582' title='bbox 788 4594 978 4663; x_wconf 62' lang='lat' dir='ltr'>oriendae,</span> 
     </span>
     <span class='ocr_line' id='line_1_79' title="bbox 177 4676 981 4749; baseline 0.01 -20"><span class='ocrx_word' id='word_1_583' title='bbox 177 4677 290 4730; x_wconf 89' lang='lat' dir='ltr'>constat</span> <span class='ocrx_word' id='word_1_584' title='bbox 305 4693 322 4730; x_wconf 93' lang='lat' dir='ltr'>a</span> <span class='ocrx_word' id='word_1_585' title='bbox 336 4676 432 4745; x_wconf 88' lang='lat' dir='ltr'>simili,</span> <span class='ocrx_word' id='word_1_586' title='bbox 448 4678 525 4749; x_wconf 91' lang='lat' dir='ltr'>quod</span> <span class='ocrx_word' id='word_1_587' title='bbox 541 4683 568 4732; x_wconf 82' lang='lat' dir='ltr'>et</span> <span class='ocrx_word' id='word_1_588' title='bbox 583 4684 754 4734; x_wconf 77' lang='lat' dir='ltr'>ceterorum</span> <span class='ocrx_word' id='word_1_589' title='bbox 763 4681 935 4748; x_wconf 88' lang='lat' dir='ltr'>observabis,</span> <span class='ocrx_word' id='word_1_590' title='bbox 952 4685 981 4738; x_wconf 91' lang='lat' dir='ltr'>et</span> 
     </span>
     <span class='ocr_line' id='line_1_80' title="bbox 178 4763 979 4841; baseline 0.007 -22"><span class='ocrx_word' id='word_1_591' title='bbox 178 4765 217 4819; x_wconf 89' lang='lat' dir='ltr'>sic</span> <span class='ocrx_word' id='word_1_592' title='bbox 233 4765 327 4820; x_wconf 91' lang='lat' dir='ltr'>nullus</span> <span class='ocrx_word' id='word_1_593' title='bbox 342 4763 459 4819; x_wconf 89' lang='lat' dir='ltr'>ulterius</span> <span class='ocrx_word' id='word_1_594' title='bbox 475 4765 591 4836; x_wconf 90' lang='lat' dir='ltr'>eritpro</span> <span class='ocrx_word' id='word_1_595' title='bbox 602 4768 631 4820; x_wconf 89' lang='lat' dir='ltr'>te</span> <span class='ocrx_word' id='word_1_596' title='bbox 647 4767 979 4841; x_wconf 89' lang='lat' dir='ltr'>indetlcienterpaliens,</span> 
     </span>
     <span class='ocr_line' id='line_1_81' title="bbox 178 4852 980 4925; baseline 0.009 -20"><span class='ocrx_word' id='word_1_597' title='bbox 178 4856 207 4907; x_wconf 90' lang='lat' dir='ltr'>et</span> <span class='ocrx_word' id='word_1_598' title='bbox 221 4852 289 4907; x_wconf 90' lang='lat' dir='ltr'>inde</span> <span class='ocrx_word' id='word_1_599' title='bbox 305 4856 333 4906; x_wconf 92' lang='lat' dir='ltr'>te</span> <span class='ocrx_word' id='word_1_600' title='bbox 348 4856 599 4907; x_wconf 88' lang='lat' dir='ltr'>remuneratorem</span> <span class='ocrx_word' id='word_1_601' title='bbox 611 4857 772 4925; x_wconf 85' lang='lat' dir='ltr'>expectans.</span> <span class='ocrx_word' id='word_1_602' title='bbox 786 4856 920 4920; x_wconf 87' lang='lat' dir='ltr'>Quamvis</span> <span class='ocrx_word' id='word_1_603' title='bbox 930 4875 980 4912; x_wconf 91' lang='lat' dir='ltr'>au-</span> 
     </span>
     <span class='ocr_line' id='line_1_82' title="bbox 176 4939 979 5015; baseline 0.006 -21"><span class='ocrx_word' id='word_1_604' title='bbox 176 4944 238 4994; x_wconf 90' lang='lat' dir='ltr'>tom</span> <span class='ocrx_word' id='word_1_605' title='bbox 253 4939 348 4995; x_wconf 82' lang='lat' dir='ltr'>dicam</span> <span class='ocrx_word' id='word_1_606' title='bbox 363 4959 372 4995; x_wconf 90' lang='grc'>.·</span> <span class='ocrx_word' id='word_1_607' title='bbox 388 4943 445 5012; x_wconf 73' lang='lat' dir='ltr'>perir</span> <span class='ocrx_word' id='word_1_608' title='bbox 457 4940 618 5008; x_wconf 80' lang='lat' dir='ltr'>rrrbstinedit,</span> <span class='ocrx_word' id='word_1_609' title='bbox 637 4945 733 4997; x_wconf 88' lang='lat' dir='ltr'>lamen</span> <span class='ocrx_word' id='word_1_610' title='bbox 749 4960 803 5015; x_wconf 76' lang='lat' dir='ltr'>ogo</span> <span class='ocrx_word' id='word_1_611' title='bbox 818 4948 932 4999; x_wconf 76' lang='lat' dir='ltr'>nertinui</span> <span class='ocrx_word' id='word_1_612' title='bbox 946 4955 979 5012; x_wconf 87' lang='lat' dir='ltr'>tr,</span> 
     </span>
     <span class='ocr_line' id='line_1_83' title="bbox 176 5021 979 5101; baseline 0.011 -21"><span class='ocrx_word' id='word_1_613' title='bbox 176 5028 302 5093; x_wconf 82' lang='lat' dir='ltr'>Borrine,</span> <span class='ocrx_word' id='word_1_614' title='bbox 326 5029 416 5083; x_wconf 91' lang='lat' dir='ltr'>idest</span> <span class='ocrx_word' id='word_1_615' title='bbox 444 5028 612 5084; x_wconf 87' lang='lat' dir='ltr'>sustinendo</span> <span class='ocrx_word' id='word_1_616' title='bbox 635 5046 686 5101; x_wconf 94' lang='lat' dir='ltr'>pro</span> <span class='ocrx_word' id='word_1_617' title='bbox 716 5036 743 5084; x_wconf 92' lang='lat' dir='ltr'>tc</span> <span class='ocrx_word' id='word_1_618' title='bbox 770 5021 979 5089; x_wconf 86' lang='lat' dir='ltr'>tribulationes.</span> 
     </span>
     <span class='ocr_line' id='line_1_84' title="bbox 178 5117 981 5193; baseline 0.007 -24"><span class='ocrx_word' id='word_1_619' title='bbox 178 5117 718 5189; x_wconf 79' lang='lat' dir='ltr'>lndeteremuneratoremexspectavi,</span> <span class='ocrx_word' id='word_1_620' title='bbox 725 5123 754 5193; x_wconf 71' lang='lat' dir='ltr'>el</span> <span class='ocrx_word' id='word_1_621' title='bbox 765 5137 823 5175; x_wconf 93' lang='lat' dir='ltr'>non</span> <span class='ocrx_word' id='word_1_622' title='bbox 833 5137 865 5176; x_wconf 87' lang='lat' dir='ltr'>ex</span> <span class='ocrx_word' id='word_1_623' title='bbox 873 5121 981 5176; x_wconf 88' lang='lat' dir='ltr'>meritis</span> 
     </span>
     <span class='ocr_line' id='line_1_85' title="bbox 177 5203 983 5279; baseline 0.009 -23"><span class='ocrx_word' id='word_1_624' title='bbox 177 5203 260 5270; x_wconf 88' lang='lat' dir='ltr'>meis,</span> <span class='ocrx_word' id='word_1_625' title='bbox 284 5203 427 5269; x_wconf 81' lang='lat' dir='ltr'>sodimis,</span> <span class='ocrx_word' id='word_1_626' title='bbox 445 5203 515 5270; x_wconf 82' lang='lat' dir='ltr'>Quin</span> <span class='ocrx_word' id='word_1_627' title='bbox 534 5208 680 5276; x_wconf 81' lang='lat' dir='ltr'>propitiato</span> <span class='ocrx_word' id='word_1_628' title='bbox 695 5214 732 5261; x_wconf 86' lang='lat' dir='ltr'>est</span> <span class='ocrx_word' id='word_1_629' title='bbox 758 5215 823 5279; x_wconf 84' lang='lat' dir='ltr'>uput</span> <span class='ocrx_word' id='word_1_630' title='bbox 845 5216 877 5274; x_wconf 89' lang='lat' dir='ltr'>te,</span> <span class='ocrx_word' id='word_1_631' title='bbox 895 5208 983 5263; x_wconf 89' lang='lat' dir='ltr'>idest</span> 
     </span>
     <span class='ocr_line' id='line_1_86' title="bbox 176 5290 983 5367; baseline 0.006 -22"><span class='ocrx_word' id='word_1_632' title='bbox 176 5290 206 5345; x_wconf 92' lang='lat' dir='ltr'>in</span> <span class='ocrx_word' id='word_1_633' title='bbox 223 5291 263 5346; x_wconf 90' lang='lat' dir='ltr'>tui</span> <span class='ocrx_word' id='word_1_634' title='bbox 279 5293 380 5346; x_wconf 89' lang='lat' dir='ltr'>natura</span> <span class='ocrx_word' id='word_1_635' title='bbox 394 5291 510 5353; x_wconf 85' lang='lat' dir='ltr'>scilicet,</span> <span class='ocrx_word' id='word_1_636' title='bbox 526 5293 593 5363; x_wconf 91' lang='lat' dir='ltr'>qnia</span> <span class='ocrx_word' id='word_1_637' title='bbox 606 5311 638 5348; x_wconf 80' lang='lat' dir='ltr'>es</span> <span class='ocrx_word' id='word_1_638' title='bbox 655 5297 759 5349; x_wconf 86' lang='lat' dir='ltr'>natura</span> <span class='ocrx_word' id='word_1_639' title='bbox 775 5294 824 5349; x_wconf 83' lang='lat' dir='ltr'>nbi</span> <span class='ocrx_word' id='word_1_640' title='bbox 839 5296 983 5367; x_wconf 84' lang='lat' dir='ltr'>contingit</span> 
     </span>
     <span class='ocr_line' id='line_1_87' title="bbox 175 5378 981 5456; baseline 0.009 -24"><span class='ocrx_word' id='word_1_641' title='bbox 175 5378 477 5450; x_wconf 85' lang='lat' dir='ltr'>utnebispropitieris,</span> <span class='ocrx_word' id='word_1_642' title='bbox 492 5381 615 5436; x_wconf 88' lang='lat' dir='ltr'>cleliam</span> <span class='ocrx_word' id='word_1_643' title='bbox 631 5383 789 5456; x_wconf 81' lang='lat' dir='ltr'>exspectavi</span> <span class='ocrx_word' id='word_1_644' title='bbox 804 5386 831 5439; x_wconf 91' lang='lat' dir='ltr'>le</span> <span class='ocrx_word' id='word_1_645' title='bbox 846 5399 981 5439; x_wconf 89' lang='lat' dir='ltr'>remune-</span> 
     </span>
     <span class='ocr_line' id='line_1_88' title="bbox 176 5468 978 5544; baseline 0.009 -24"><span class='ocrx_word' id='word_1_646' title='bbox 176 5472 303 5521; x_wconf 90' lang='lat' dir='ltr'>ratorem</span> <span class='ocrx_word' id='word_1_647' title='bbox 321 5475 430 5539; x_wconf 79' lang='lat' dir='ltr'>propter·</span> <span class='ocrx_word' id='word_1_648' title='bbox 444 5468 527 5537; x_wconf 73' lang='lat' dir='ltr'>lenem</span> <span class='ocrx_word' id='word_1_649' title='bbox 543 5476 626 5535; x_wconf 85' lang='lat' dir='ltr'>tunm,</span> <span class='ocrx_word' id='word_1_650' title='bbox 642 5471 671 5524; x_wconf 93' lang='lat' dir='ltr'>id</span> <span class='ocrx_word' id='word_1_651' title='bbox 689 5475 731 5525; x_wconf 84' lang='lat' dir='ltr'>est</span> <span class='ocrx_word' id='word_1_652' title='bbox 746 5476 864 5544; x_wconf 88' lang='lat' dir='ltr'>propter</span> <span class='ocrx_word' id='word_1_653' title='bbox 879 5473 978 5529; x_wconf 86' lang='lat' dir='ltr'>condi·</span> 
     </span>
     <span class='ocr_line' id='line_1_89' title="bbox 177 5552 976 5636; baseline 0.018 -28"><span class='ocrx_word' id='word_1_654' title='bbox 177 5552 578 5614; x_wconf 88' lang='lat' dir='ltr'>tioualemeonstitutionnem</span> <span class='ocrx_word' id='word_1_655' title='bbox 590 5563 681 5630; x_wconf 85' lang='lat' dir='ltr'>tuam,</span> <span class='ocrx_word' id='word_1_656' title='bbox 697 5577 714 5617; x_wconf 88' lang='lat' dir='ltr'>a</span> <span class='ocrx_word' id='word_1_657' title='bbox 730 5579 776 5617; x_wconf 89' lang='lat' dir='ltr'>me</span> <span class='ocrx_word' id='word_1_658' title='bbox 789 5564 976 5636; x_wconf 84' lang='lat' dir='ltr'>completam.</span> 
     </span>
    </p>
   </div>
   <div class='ocr_carea' id='block_1_14' title="bbox 1030 3260 1854 5631">
    <p class='ocr_par' dir='ltr' id='par_1_16' title="bbox 1030 3260 1847 4381">
     <span class='ocr_line' id='line_1_90' title="bbox 1032 3260 1843 3336; baseline -0.006 -18"><span class='ocrx_word' id='word_1_659' title='bbox 1032 3267 1173 3336; x_wconf 75' lang='lat' dir='ltr'>ruterpno</span> <span class='ocrx_word' id='word_1_660' title='bbox 1190 3266 1351 3335; x_wconf 90' lang='lat' dir='ltr'>‚quantum</span> <span class='ocrx_word' id='word_1_661' title='bbox 1372 3263 1409 3317; x_wconf 88' lang='lat' dir='ltr'>ad</span> <span class='ocrx_word' id='word_1_662' title='bbox 1430 3261 1506 3315; x_wconf 85' lang='lat' dir='ltr'>vitia.</span> <span class='ocrx_word' id='word_1_663' title='bbox 1533 3260 1671 3314; x_wconf 83' lang='lat' dir='ltr'>Redemit</span> <span class='ocrx_word' id='word_1_664' title='bbox 1685 3261 1769 3314; x_wconf 90' lang='lat' dir='ltr'>enim</span> <span class='ocrx_word' id='word_1_665' title='bbox 1793 3275 1843 3312; x_wconf 88' lang='lat' dir='ltr'>nos</span> 
     </span>
     <span class='ocr_line' id='line_1_91' title="bbox 1031 3348 1844 3422; baseline -0.009 -14"><span class='ocrx_word' id='word_1_666' title='bbox 1031 3372 1090 3408; x_wconf 90' lang='lat' dir='ltr'>non</span> <span class='ocrx_word' id='word_1_667' title='bbox 1105 3354 1198 3408; x_wconf 89' lang='lat' dir='ltr'>solum</span> <span class='ocrx_word' id='word_1_668' title='bbox 1214 3351 1365 3422; x_wconf 87' lang='lat' dir='ltr'>apeccatis</span> <span class='ocrx_word' id='word_1_669' title='bbox 1380 3349 1577 3420; x_wconf 83' lang='lat' dir='ltr'>originalibus,</span> <span class='ocrx_word' id='word_1_670' title='bbox 1599 3349 1652 3403; x_wconf 89' lang='lat' dir='ltr'>sed</span> <span class='ocrx_word' id='word_1_671' title='bbox 1670 3349 1708 3403; x_wconf 89' lang='lat' dir='ltr'>ab</span> <span class='ocrx_word' id='word_1_672' title='bbox 1726 3348 1844 3402; x_wconf 89' lang='lat' dir='ltr'>actuali·</span> 
     </span>
     <span class='ocr_line' id='line_1_92' title="bbox 1031 3437 1845 3508; baseline -0.01 -12"><span class='ocrx_word' id='word_1_673' title='bbox 1031 3444 1083 3496; x_wconf 90' lang='lat' dir='ltr'>bus</span> <span class='ocrx_word' id='word_1_674' title='bbox 1098 3485 1103 3495; x_wconf 94' lang='lat'><em>.</em></span> <span class='ocrx_word' id='word_1_675' title='bbox 1120 3443 1152 3495; x_wconf 86' lang='lat' dir='ltr'>Et</span> <span class='ocrx_word' id='word_1_676' title='bbox 1169 3441 1233 3495; x_wconf 87' lang='lat' dir='ltr'>ideo</span> <span class='ocrx_word' id='word_1_677' title='bbox 1259 3439 1351 3492; x_wconf 90' lang='lat' dir='ltr'>adbuc</span> <span class='ocrx_word' id='word_1_678' title='bbox 1373 3454 1498 3508; x_wconf 87' lang='lat' dir='ltr'>sperare,</span> <span class='ocrx_word' id='word_1_679' title='bbox 1509 3437 1639 3507; x_wconf 81' lang='lat' dir='ltr'>quoru&#39;mn</span> <span class='ocrx_word' id='word_1_680' title='bbox 1658 3439 1713 3507; x_wconf 71' lang='lat' dir='ltr'>itere</span> <span class='ocrx_word' id='word_1_681' title='bbox 1730 3437 1845 3490; x_wconf 82' lang='lat' dir='ltr'>redimet</span> 
     </span>
     <span class='ocr_line' id='line_1_93' title="bbox 1030 3525 1845 3597; baseline -0.009 -13"><span class='ocrx_word' id='word_1_682' title='bbox 1030 3530 1128 3594; x_wconf 83' lang='lat' dir='ltr'>Israel,</span> <span class='ocrx_word' id='word_1_683' title='bbox 1144 3529 1171 3584; x_wconf 86' lang='lat' dir='ltr'>id</span> <span class='ocrx_word' id='word_1_684' title='bbox 1194 3531 1236 3583; x_wconf 87' lang='lat' dir='ltr'>cst</span> <span class='ocrx_word' id='word_1_685' title='bbox 1250 3528 1279 3583; x_wconf 92' lang='lat' dir='ltr'>iu</span> <span class='ocrx_word' id='word_1_686' title='bbox 1295 3528 1352 3581; x_wconf 85' lang='lat' dir='ltr'>suro</span> <span class='ocrx_word' id='word_1_687' title='bbox 1373 3527 1436 3581; x_wconf 83' lang='lat' dir='ltr'>vitre</span> <span class='ocrx_word' id='word_1_688' title='bbox 1458 3525 1576 3579; x_wconf 87' lang='lat' dir='ltr'>salvabit</span> <span class='ocrx_word' id='word_1_689' title='bbox 1596 3541 1845 3597; x_wconf 86' lang='lat' dir='ltr'>unumquemque</span> 
     </span>
     <span class='ocr_line' id='line_1_94' title="bbox 1030 3615 1844 3686; baseline -0.009 -12"><span class='ocrx_word' id='word_1_690' title='bbox 1030 3621 1200 3675; x_wconf 78' lang='lat' dir='ltr'>existentem</span> <span class='ocrx_word' id='word_1_691' title='bbox 1226 3617 1322 3683; x_wconf 78' lang='lat' dir='ltr'>Isrrrel,</span> <span class='ocrx_word' id='word_1_692' title='bbox 1349 3635 1380 3670; x_wconf 80' lang='lat' dir='ltr'>er</span> <span class='ocrx_word' id='word_1_693' title='bbox 1407 3615 1528 3668; x_wconf 73' lang='lat' dir='ltr'>orientius</span> <span class='ocrx_word' id='word_1_694' title='bbox 1552 3616 1747 3685; x_wconf 78' lang='lat' dir='ltr'>iniquitatibus</span> <span class='ocrx_word' id='word_1_695' title='bbox 1777 3617 1844 3686; x_wconf 78' lang='lat' dir='ltr'>ejus,</span> 
     </span>
     <span class='ocr_line' id='line_1_95' title="bbox 1030 3703 1845 3776; baseline -0.007 -14"><span class='ocrx_word' id='word_1_696' title='bbox 1030 3707 1136 3762; x_wconf 81' lang='lat' dir='ltr'>scilieet</span> <span class='ocrx_word' id='word_1_697' title='bbox 1152 3723 1217 3761; x_wconf 90' lang='lat' dir='ltr'>cum</span> <span class='ocrx_word' id='word_1_698' title='bbox 1232 3709 1296 3776; x_wconf 93' lang='lat' dir='ltr'>post</span> <span class='ocrx_word' id='word_1_699' title='bbox 1311 3704 1511 3759; x_wconf 86' lang='lat' dir='ltr'>remissionem</span> <span class='ocrx_word' id='word_1_700' title='bbox 1534 3704 1727 3773; x_wconf 88' lang='lat' dir='ltr'>peccatorum</span> <span class='ocrx_word' id='word_1_701' title='bbox 1748 3703 1778 3757; x_wconf 94' lang='lat' dir='ltr'>in</span> <span class='ocrx_word' id='word_1_702' title='bbox 1802 3704 1845 3756; x_wconf 85' lang='lat' dir='ltr'>ba·</span> 
     </span>
     <span class='ocr_line' id='line_1_96' title="bbox 1031 3791 1844 3868; baseline -0.005 -18"><span class='ocrx_word' id='word_1_703' title='bbox 1031 3795 1338 3868; x_wconf 86' lang='lat' dir='ltr'>ptismounusquisqlre</span> <span class='ocrx_word' id='word_1_704' title='bbox 1355 3793 1479 3847; x_wconf 77' lang='lat' dir='ltr'>existens</span> <span class='ocrx_word' id='word_1_705' title='bbox 1495 3791 1588 3857; x_wconf 81' lang='lat' dir='ltr'>Israel,</span> <span class='ocrx_word' id='word_1_706' title='bbox 1605 3791 1721 3846; x_wconf 81' lang='lat' dir='ltr'>multas</span> <span class='ocrx_word' id='word_1_707' title='bbox 1738 3793 1844 3847; x_wconf 91' lang='lat' dir='ltr'>admit-</span> 
     </span>
     <span class='ocr_line' id='line_1_97' title="bbox 1031 3879 1845 3956; baseline -0.004 -18"><span class='ocrx_word' id='word_1_708' title='bbox 1031 3888 1072 3939; x_wconf 89' lang='lat' dir='ltr'>tat</span> <span class='ocrx_word' id='word_1_709' title='bbox 1087 3883 1261 3956; x_wconf 87' lang='lat' dir='ltr'>iniquitates.</span> <span class='ocrx_word' id='word_1_710' title='bbox 1285 3907 1298 3931; x_wconf 74' lang='lat' dir='ltr'>u</span> <span class='ocrx_word' id='word_1_711' title='bbox 1317 3883 1347 3936; x_wconf 92' lang='lat' dir='ltr'>ln</span> <span class='ocrx_word' id='word_1_712' title='bbox 1361 3881 1457 3935; x_wconf 92' lang='lat' dir='ltr'>multis</span> <span class='ocrx_word' id='word_1_713' title='bbox 1469 3879 1558 3944; x_wconf 91' lang='lat' dir='ltr'>enim,</span> <span class='ocrx_word' id='word_1_714' title='bbox 1579 3881 1611 3932; x_wconf 91' lang='lat' dir='ltr'>ut</span> <span class='ocrx_word' id='word_1_715' title='bbox 1629 3882 1788 3950; x_wconf 87' lang='lat' dir='ltr'>apestolus</span> <span class='ocrx_word' id='word_1_716' title='bbox 1803 3883 1845 3935; x_wconf 84' lang='lat' dir='ltr'>la-</span> 
     </span>
     <span class='ocr_line' id='line_1_98' title="bbox 1031 3969 1845 4037; baseline -0.004 -9"><span class='ocrx_word' id='word_1_717' title='bbox 1031 3974 1119 4028; x_wconf 91' lang='lat' dir='ltr'>cobus</span> <span class='ocrx_word' id='word_1_718' title='bbox 1140 3976 1269 4037; x_wconf 89' lang='lat' dir='ltr'>teslatnr,</span> <span class='ocrx_word' id='word_1_719' title='bbox 1292 3969 1467 4025; x_wconf 87' lang='lat' dir='ltr'>otlendimus</span> <span class='ocrx_word' id='word_1_720' title='bbox 1486 3985 1587 4023; x_wconf 87' lang='lat' dir='ltr'>omues</span> <span class='ocrx_word' id='word_1_721' title='bbox 1607 3969 1690 4032; x_wconf 79' lang='lat' dir='ltr'>(duc.</span> <span class='ocrx_word' id='word_1_722' title='bbox 1717 3987 1762 4033; x_wconf 88' lang='grc' dir='ltr'>ιιι,</span> <span class='ocrx_word' id='word_1_723' title='bbox 1779 3973 1821 4036; x_wconf 72' lang='lat'>2),</span> <span class='ocrx_word' id='word_1_724' title='bbox 1834 3994 1845 4016; x_wconf 68' lang='grc' dir='ltr'>υ</span> 
     </span>
     <span class='ocr_line' id='line_1_99' title="bbox 1031 4055 1847 4133; baseline -0.005 -17"><span class='ocrx_word' id='word_1_725' title='bbox 1031 4063 1090 4133; x_wconf 90' lang='lat' dir='ltr'>ipso</span> <span class='ocrx_word' id='word_1_726' title='bbox 1104 4059 1304 4130; x_wconf 89' lang='lat' dir='ltr'>redemptione</span> <span class='ocrx_word' id='word_1_727' title='bbox 1316 4058 1417 4114; x_wconf 92' lang='lat' dir='ltr'>mortis</span> <span class='ocrx_word' id='word_1_728' title='bbox 1429 4075 1486 4112; x_wconf 80' lang='lat' dir='ltr'>sure</span> <span class='ocrx_word' id='word_1_729' title='bbox 1501 4055 1622 4111; x_wconf 82' lang='lat' dir='ltr'>salvabit</span> <span class='ocrx_word' id='word_1_730' title='bbox 1634 4057 1753 4128; x_wconf 88' lang='lat' dir='ltr'>ipsum,</span> <span class='ocrx_word' id='word_1_731' title='bbox 1765 4058 1847 4113; x_wconf 78' lang='lat' dir='ltr'>Israel</span> 
     </span>
     <span class='ocr_line' id='line_1_100' title="bbox 1030 4144 1845 4219; baseline -0.002 -16"><span class='ocrx_word' id='word_1_732' title='bbox 1030 4148 1218 4219; x_wconf 84' lang='lat' dir='ltr'>pmnitentem</span> <span class='ocrx_word' id='word_1_733' title='bbox 1231 4148 1267 4202; x_wconf 90' lang='lat' dir='ltr'>ab</span> <span class='ocrx_word' id='word_1_734' title='bbox 1283 4148 1338 4202; x_wconf 90' lang='lat' dir='ltr'>illis</span> <span class='ocrx_word' id='word_1_735' title='bbox 1349 4145 1543 4217; x_wconf 86' lang='lat' dir='ltr'>iniquitatibus</span> <span class='ocrx_word' id='word_1_736' title='bbox 1558 4145 1587 4198; x_wconf 89' lang='lat' dir='ltr'>in</span> <span class='ocrx_word' id='word_1_737' title='bbox 1604 4144 1686 4200; x_wconf 80' lang='lat' dir='ltr'>exitu</span> <span class='ocrx_word' id='word_1_738' title='bbox 1700 4146 1773 4202; x_wconf 73' lang='lat' dir='ltr'>ritae</span> <span class='ocrx_word' id='word_1_739' title='bbox 1782 4165 1845 4213; x_wconf 80' lang='lat' dir='ltr'>sue,</span> 
     </span>
     <span class='ocr_line' id='line_1_101' title="bbox 1031 4237 1324 4308; baseline 0 -18"><span class='ocrx_word' id='word_1_740' title='bbox 1031 4254 1067 4292; x_wconf 89' lang='lat' dir='ltr'>ue</span> <span class='ocrx_word' id='word_1_741' title='bbox 1081 4255 1132 4308; x_wconf 92' lang='lat' dir='ltr'>pro</span> <span class='ocrx_word' id='word_1_742' title='bbox 1149 4237 1202 4291; x_wconf 88' lang='lat' dir='ltr'>illis</span> <span class='ocrx_word' id='word_1_743' title='bbox 1216 4240 1324 4308; x_wconf 87' lang='lat' dir='ltr'>porcat.</span> 
     </span>
     <span class='ocr_line' id='line_1_102' title="bbox 1273 4323 1592 4381; baseline -0.013 -2"><span class='ocrx_word' id='word_1_744' title='bbox 1273 4327 1306 4379; x_wconf 87' lang='lat' dir='ltr'>lN</span> <span class='ocrx_word' id='word_1_745' title='bbox 1320 4325 1481 4381; x_wconf 72' lang='lat' dir='ltr'>ostenuit</span> <span class='ocrx_word' id='word_1_746' title='bbox 1501 4323 1592 4379; x_wconf 80' lang='lat' dir='ltr'><strong>CXXX.</strong></span> 
     </span>
    </p>

    <p class='ocr_par' dir='ltr' id='par_1_17' title="bbox 1031 4409 1854 5264">
     <span class='ocr_line' id='line_1_103' title="bbox 1065 4409 1846 4482; baseline -0.001 -14"><span class='ocrx_word' id='word_1_747' title='bbox 1065 4413 1331 4469; x_wconf 84' lang='lat' dir='ltr'>Titulus&#39;cenlcsirni</span> <span class='ocrx_word' id='word_1_748' title='bbox 1348 4412 1492 4468; x_wconf 85' lang='lat' dir='ltr'>tricesimi.</span> <span class='ocrx_word' id='word_1_749' title='bbox 1510 4409 1679 4466; x_wconf 79' lang='lat' dir='ltr'>Cunnticunr</span> <span class='ocrx_word' id='word_1_750' title='bbox 1695 4415 1846 4482; x_wconf 74' lang='lat' dir='ltr'>prndurnn.</span> 
     </span>
     <span class='ocr_line' id='line_1_104' title="bbox 1031 4498 1848 4574; baseline -0.004 -15"><span class='ocrx_word' id='word_1_751' title='bbox 1031 4503 1188 4559; x_wconf 90' lang='lat' dir='ltr'>Undecimo</span> <span class='ocrx_word' id='word_1_752' title='bbox 1219 4502 1311 4574; x_wconf 76' lang='lat' dir='ltr'>gradu</span> <span class='ocrx_word' id='word_1_753' title='bbox 1330 4504 1514 4573; x_wconf 85' lang='lat' dir='ltr'>pertractato,</span> <span class='ocrx_word' id='word_1_754' title='bbox 1543 4498 1654 4554; x_wconf 90' lang='lat' dir='ltr'>scilicet</span> <span class='ocrx_word' id='word_1_755' title='bbox 1671 4501 1848 4556; x_wconf 85' lang='lat' dir='ltr'>clamoroin</span> 
     </span>
     <span class='ocr_line' id='line_1_105' title="bbox 1031 4586 1849 4661; baseline -0.004 -14"><span class='ocrx_word' id='word_1_756' title='bbox 1031 4586 1849 4661; x_wconf 86' lang='lat' dir='ltr'>tribulationeeorporis,neliatibidelectusduodeeimum</span> 
     </span>
     <span class='ocr_line' id='line_1_106' title="bbox 1031 4675 1851 4754; baseline -0.004 -18"><span class='ocrx_word' id='word_1_757' title='bbox 1031 4682 1153 4754; x_wconf 82' lang='lat' dir='ltr'>gradum</span> <span class='ocrx_word' id='word_1_758' title='bbox 1164 4679 1192 4734; x_wconf 90' lang='lat' dir='ltr'>iu</span> <span class='ocrx_word' id='word_1_759' title='bbox 1206 4679 1337 4750; x_wconf 89' lang='lat' dir='ltr'>sequenti</span> <span class='ocrx_word' id='word_1_760' title='bbox 1352 4679 1463 4749; x_wconf 86' lang='lat' dir='ltr'>psalmo</span> <span class='ocrx_word' id='word_1_761' title='bbox 1473 4675 1591 4748; x_wconf 86' lang='lat' dir='ltr'>perfecti</span> <span class='ocrx_word' id='word_1_762' title='bbox 1604 4675 1634 4730; x_wconf 92' lang='lat' dir='ltr'>in</span> <span class='ocrx_word' id='word_1_763' title='bbox 1646 4676 1719 4749; x_wconf 90' lang='lat' dir='ltr'>ipso</span> <span class='ocrx_word' id='word_1_764' title='bbox 1731 4683 1851 4751; x_wconf 81' lang='lat' dir='ltr'>agentes</span> 
     </span>
     <span class='ocr_line' id='line_1_107' title="bbox 1032 4763 1854 4839; baseline -0.002 -15"><span class='ocrx_word' id='word_1_765' title='bbox 1032 4770 1067 4824; x_wconf 91' lang='lat' dir='ltr'>nd</span> <span class='ocrx_word' id='word_1_766' title='bbox 1076 4768 1295 4823; x_wconf 87' lang='lat' dir='ltr'>instructionem</span> <span class='ocrx_word' id='word_1_767' title='bbox 1307 4766 1471 4820; x_wconf 88' lang='lat' dir='ltr'>auditorum</span> <span class='ocrx_word' id='word_1_768' title='bbox 1483 4763 1854 4839; x_wconf 85' lang='lat' dir='ltr'>ostendunt,apostropba·</span> 
     </span>
     <span class='ocr_line' id='line_1_108' title="bbox 1031 4853 1851 4925; baseline -0.004 -13"><span class='ocrx_word' id='word_1_769' title='bbox 1031 4857 1138 4912; x_wconf 83' lang='lat' dir='ltr'>licead</span> <span class='ocrx_word' id='word_1_770' title='bbox 1155 4858 1244 4911; x_wconf 89' lang='lat' dir='ltr'>Deum</span> <span class='ocrx_word' id='word_1_771' title='bbox 1257 4854 1417 4925; x_wconf 83' lang='lat' dir='ltr'>gratiarum</span> <span class='ocrx_word' id='word_1_772' title='bbox 1434 4853 1577 4906; x_wconf 88' lang='lat' dir='ltr'>actionem</span> <span class='ocrx_word' id='word_1_773' title='bbox 1595 4854 1733 4923; x_wconf 81' lang='lat' dir='ltr'>agendo,</span> <span class='ocrx_word' id='word_1_774' title='bbox 1755 4858 1851 4909; x_wconf 86' lang='lat' dir='ltr'>osten-</span> 
     </span>
     <span class='ocr_line' id='line_1_109' title="bbox 1033 4937 1851 5012; baseline -0.001 -15"><span class='ocrx_word' id='word_1_775' title='bbox 1033 4945 1127 4998; x_wconf 89' lang='lat' dir='ltr'>dendo</span> <span class='ocrx_word' id='word_1_776' title='bbox 1144 4942 1249 4997; x_wconf 84' lang='lat' dir='ltr'>scilicet</span> <span class='ocrx_word' id='word_1_777' title='bbox 1269 4960 1297 4995; x_wconf 87' lang='lat' dir='ltr'>se</span> <span class='ocrx_word' id='word_1_778' title='bbox 1314 4958 1428 5012; x_wconf 85' lang='lat' dir='ltr'>semper</span> <span class='ocrx_word' id='word_1_779' title='bbox 1449 4939 1478 4993; x_wconf 87' lang='lat' dir='ltr'>in</span> <span class='ocrx_word' id='word_1_780' title='bbox 1501 4937 1670 4993; x_wconf 88' lang='lat' dir='ltr'>bumilitate</span> <span class='ocrx_word' id='word_1_781' title='bbox 1695 4942 1851 5011; x_wconf 75' lang='lat' dir='ltr'>persistere</span> 
     </span>
     <span class='ocr_line' id='line_1_110' title="bbox 1032 5025 1850 5102; baseline 0 -16"><span class='ocrx_word' id='word_1_782' title='bbox 1032 5049 1095 5102; x_wconf 73' lang='lat' dir='ltr'>quae</span> <span class='ocrx_word' id='word_1_783' title='bbox 1112 5031 1297 5087; x_wconf 89' lang='lat' dir='ltr'>duodecimus</span> <span class='ocrx_word' id='word_1_784' title='bbox 1311 5030 1417 5100; x_wconf 84' lang='lat' dir='ltr'>gradus</span> <span class='ocrx_word' id='word_1_785' title='bbox 1432 5030 1484 5095; x_wconf 87' lang='lat' dir='ltr'>est,</span> <span class='ocrx_word' id='word_1_786' title='bbox 1500 5028 1531 5079; x_wconf 93' lang='lat' dir='ltr'>ut</span> <span class='ocrx_word' id='word_1_787' title='bbox 1545 5043 1578 5080; x_wconf 90' lang='lat' dir='ltr'>oa</span> <span class='ocrx_word' id='word_1_788' title='bbox 1593 5025 1754 5085; x_wconf 86' lang='lat' dir='ltr'>mirabilia</span> <span class='ocrx_word' id='word_1_789' title='bbox 1769 5048 1850 5102; x_wconf 85' lang='lat' dir='ltr'>supe·</span> 
     </span>
     <span class='ocr_line' id='line_1_111' title="bbox 1032 5113 1849 5192; baseline -0.001 -19"><span class='ocrx_word' id='word_1_790' title='bbox 1032 5120 1141 5175; x_wconf 90' lang='lat' dir='ltr'>riorum</span> <span class='ocrx_word' id='word_1_791' title='bbox 1150 5120 1292 5192; x_wconf 80' lang='lat' dir='ltr'>graduum</span> <span class='ocrx_word' id='word_1_792' title='bbox 1301 5117 1337 5172; x_wconf 88' lang='lat' dir='ltr'>ad</span> <span class='ocrx_word' id='word_1_793' title='bbox 1348 5133 1412 5187; x_wconf 78' lang='lat' dir='ltr'>quse</span> <span class='ocrx_word' id='word_1_794' title='bbox 1421 5117 1484 5186; x_wconf 89' lang='lat' dir='ltr'>jem</span> <span class='ocrx_word' id='word_1_795' title='bbox 1496 5113 1712 5183; x_wconf 87' lang='lat' dir='ltr'>ascenderunt,</span> <span class='ocrx_word' id='word_1_796' title='bbox 1726 5118 1849 5174; x_wconf 87' lang='lat' dir='ltr'>nonsibi</span> 
     </span>
     <span class='ocr_line' id='line_1_112' title="bbox 1032 5207 1386 5264; baseline -0.017 0"><span class='ocrx_word' id='word_1_797' title='bbox 1032 5209 1081 5264; x_wconf 90' lang='lat' dir='ltr'>sed</span> <span class='ocrx_word' id='word_1_798' title='bbox 1095 5209 1218 5264; x_wconf 93' lang='lat' dir='ltr'>Domino</span> <span class='ocrx_word' id='word_1_799' title='bbox 1234 5207 1386 5262; x_wconf 79' lang='lat' dir='ltr'>ascribant.</span> 
     </span>
    </p>

    <p class='ocr_par' dir='ltr' id='par_1_18' title="bbox 1032 5291 1850 5631">
     <span class='ocr_line' id='line_1_113' title="bbox 1067 5291 1850 5364; baseline 0.001 -13"><span class='ocrx_word' id='word_1_800' title='bbox 1067 5298 1191 5364; x_wconf 86' lang='lat' dir='ltr'>Domine,</span> <span class='ocrx_word' id='word_1_801' title='bbox 1207 5312 1259 5350; x_wconf 87' lang='lat' dir='ltr'>nen</span> <span class='ocrx_word' id='word_1_802' title='bbox 1274 5293 1476 5360; x_wconf 80' lang='lat' dir='ltr'>esterultutum,</span> <span class='ocrx_word' id='word_1_803' title='bbox 1491 5293 1557 5358; x_wconf 83' lang='lat' dir='ltr'>clo.;</span> <span class='ocrx_word' id='word_1_804' title='bbox 1573 5291 1644 5345; x_wconf 84' lang='lat' dir='ltr'>acsi</span> <span class='ocrx_word' id='word_1_805' title='bbox 1662 5293 1766 5351; x_wconf 87' lang='lat' dir='ltr'>dicat:</span> <span class='ocrx_word' id='word_1_806' title='bbox 1784 5297 1850 5352; x_wconf 79' lang='lat' dir='ltr'>oum</span> 
     </span>
     <span class='ocr_line' id='line_1_114' title="bbox 1032 5379 1847 5459; baseline -0.005 -18"><span class='ocrx_word' id='word_1_807' title='bbox 1032 5387 1195 5459; x_wconf 90' lang='lat' dir='ltr'>quicunque</span> <span class='ocrx_word' id='word_1_808' title='bbox 1221 5385 1256 5439; x_wconf 90' lang='lat' dir='ltr'>ad</span> <span class='ocrx_word' id='word_1_809' title='bbox 1271 5385 1322 5438; x_wconf 87' lang='lat' dir='ltr'>lros</span> <span class='ocrx_word' id='word_1_810' title='bbox 1340 5381 1502 5454; x_wconf 85' lang='lat' dir='ltr'>superiores</span> <span class='ocrx_word' id='word_1_811' title='bbox 1516 5379 1625 5452; x_wconf 68' lang='lat' dir='ltr'>gratim</span> <span class='ocrx_word' id='word_1_812' title='bbox 1644 5385 1847 5450; x_wconf 86' lang='lat' dir='ltr'>ascenderint,</span> 
     </span>
     <span class='ocr_line' id='line_1_115' title="bbox 1034 5469 1846 5542; baseline -0.004 -12"><span class='ocrx_word' id='word_1_813' title='bbox 1034 5493 1092 5531; x_wconf 90' lang='lat' dir='ltr'>non</span> <span class='ocrx_word' id='word_1_814' title='bbox 1108 5479 1151 5529; x_wconf 90' lang='lat' dir='ltr'>est</span> <span class='ocrx_word' id='word_1_815' title='bbox 1162 5474 1202 5528; x_wconf 90' lang='lat' dir='ltr'>eis</span> <span class='ocrx_word' id='word_1_816' title='bbox 1214 5472 1280 5527; x_wconf 88' lang='lat' dir='ltr'>iude</span> <span class='ocrx_word' id='word_1_817' title='bbox 1294 5469 1529 5542; x_wconf 89' lang='lat' dir='ltr'>superbiendum,</span> <span class='ocrx_word' id='word_1_818' title='bbox 1547 5469 1599 5523; x_wconf 91' lang='lat' dir='ltr'>sed</span> <span class='ocrx_word' id='word_1_819' title='bbox 1615 5475 1665 5525; x_wconf 86' lang='lat' dir='ltr'>est</span> <span class='ocrx_word' id='word_1_820' title='bbox 1682 5476 1756 5528; x_wconf 89' lang='lat' dir='ltr'>tunc</span> <span class='ocrx_word' id='word_1_821' title='bbox 1773 5474 1813 5529; x_wconf 87' lang='lat' dir='ltr'>eis</span> <span class='ocrx_word' id='word_1_822' title='bbox 1821 5474 1846 5527; x_wconf 88' lang='lat' dir='ltr'>iu</span> 
     </span>
     <span class='ocr_line' id='line_1_116' title="bbox 1032 5559 1846 5631; baseline -0.004 -11"><span class='ocrx_word' id='word_1_823' title='bbox 1032 5563 1076 5620; x_wconf 90' lang='lat' dir='ltr'>his</span> <span class='ocrx_word' id='word_1_824' title='bbox 1090 5564 1237 5620; x_wconf 91' lang='lat' dir='ltr'>humilitas</span> <span class='ocrx_word' id='word_1_825' title='bbox 1263 5562 1408 5628; x_wconf 86' lang='lat' dir='ltr'>habenda,</span> <span class='ocrx_word' id='word_1_826' title='bbox 1424 5561 1455 5614; x_wconf 90' lang='lat' dir='ltr'>ut</span> <span class='ocrx_word' id='word_1_827' title='bbox 1469 5559 1530 5614; x_wconf 85' lang='lat' dir='ltr'>brec</span> <span class='ocrx_word' id='word_1_828' title='bbox 1544 5573 1606 5614; x_wconf 89' lang='lat' dir='ltr'>non</span> <span class='ocrx_word' id='word_1_829' title='bbox 1622 5576 1663 5616; x_wconf 86' lang='lat' dir='ltr'>ex</span> <span class='ocrx_word' id='word_1_830' title='bbox 1679 5579 1724 5631; x_wconf 89' lang='lat' dir='ltr'>se,</span> <span class='ocrx_word' id='word_1_831' title='bbox 1739 5564 1793 5620; x_wconf 85' lang='lat' dir='ltr'>sed</span> <span class='ocrx_word' id='word_1_832' title='bbox 1817 5579 1846 5618; x_wconf 84' lang='lat' dir='ltr'>ex</span> 
     </span>
    </p>
   </div>
   <div class='ocr_carea' id='block_1_15' title="bbox 0 0 1900 5970">
    <p class='ocr_par' dir='ltr' id='par_1_19' title="bbox 0 0 1900 5970">
     <span class='ocr_line' id='line_1_117' title="bbox 0 0 1900 5970; baseline 0 0"><span class='ocrx_word' id='word_1_833' title='bbox 0 0 1900 5970; x_wconf 95' lang='lat' dir='ltr'> </span> 
     </span>
    </p>
   </div>
  </div>
 </body>
</html>
