3772 5970
115 288 178 345 llil
415 284 445 342 S.
465 281 639 342 BRUNONlS
659 278 976 341 cabrflcsmltoltml
994 279 1230 339 utsrrrurcrus
1248 280 1327 339 OPP.
1347 276 1437 339 PARS
1457 281 1468 337 l
1725 284 1790 340 uss

109 407 212 478 fluent,
223 411 366 478 sioutcero,
375 408 457 465 idest
465 407 759 482 adcomparationem
783 421 867 473 cern,
879 405 916 461 ad
927 404 955 466 A
966 404 1061 461 omnis
1071 407 1193 479 populus
1208 409 1304 474 terres,
1317 407 1378 462 tam
1390 403 1507 477 gentilis
1524 419 1625 478 quam
1640 403 1790 472 iudaicus,

109 502 297 571 conspectum
312 496 518 570 ignislluentis.
535 496 664 570 Utigitur
677 495 915 551 monteslluanta
965 496 993 549 te
1004 497 1119 567 reputet
1134 493 1303 551 altissimum
1315 493 1483 561 Dominum,
1492 495 1522 549 et
1533 494 1654 549 exaltet
1671 496 1790 566 tcsuper

109 594 249 657 compecto
263 587 384 653 Domini,
400 587 636 653 annuntiaverunt,
661 585 746 640 idest
760 582 915 639 annuntia·
965 598 1067 637 omnes
1078 584 1160 638 Deos.
1177 582 1248 638 Cum
1256 581 1443 639 dieitludaeos
1451 581 1556 638 fideles
1567 581 1609 637 de
1619 581 1720 637 salute
1726 597 1791 654 gen-

109 671 184 729 bunt
198 673 263 742 ooli,
280 673 309 730 id
321 674 573 747 estpraedicatores
581 673 780 745 justitiomejus
787 671 914 739 Domini,
965 669 1036 724 tium
1052 671 1204 738 exsultare,
1220 670 1317 726 innuit
1334 687 1435 727 eorum
1455 669 1653 737 auctoritate,
1669 670 1707 726 de
1721 687 1789 742 gen·

107 759 139 816 id
153 764 196 816 est
207 763 262 818 hoc
271 762 496 829 annuntiabunt,
504 762 582 835 quod
597 762 748 818 aldomino
760 759 915 817 eritomnis
964 757 1036 812 tium
1044 759 1135 813 saluto
1158 775 1217 814 non
1233 774 1295 814 csse
1311 758 1516 815 dubitandum.
1540 757 1633 814 Unde
1662 758 1789 815 maxima

104 848 227 921 justitia,
244 849 273 906 id
288 854 330 907 est
344 850 440 907 omnis
454 854 636 923 peccatorum
653 849 783 906 remissio
799 849 914 920 etjusti·
964 847 1083 919 questio
1098 847 1127 901 in
1134 847 1280 920 primitiva
1292 847 1417 903 Ecclesia
1423 847 1496 903 init:
1510 850 1541 903 et
1551 863 1611 920 per
1627 847 1688 903 hoe
1699 848 1788 920 magis

109 937 205 994 ficatio
217 946 256 994 :et
269 939 336 1012 ipsis
350 939 588 995 annuntiantibus
600 956 700 1005 omnes,
717 939 798 993 idest
809 937 916 994 omnis·
964 932 1038 1005 ipsas
1051 938 1150 1007 gentes-
1165 937 1224 991 Deo
1240 936 1309 992 lacit
1321 935 1471 1004 obnoxias,
1487 952 1558 991 cum
1574 936 1617 992 de
1632 952 1788 993 earnmsa-

110 1025 191 1081 modi
200 1027 296 1098 populi
320 1028 451 1095 vilerum,
476 1027 556 1083 idest
579 1027 717 1083 videbunt
731 1026 787 1081 lide
801 1027 915 1098 pionem
963 1022 1023 1078 luto
1035 1026 1128 1080 certas
1140 1041 1188 1079 eas
1203 1024 1299 1080 iaciat.

108 1112 176 1184 ejus,
192 1113 222 1168 id
236 1119 278 1170 est
293 1132 359 1170 eum
374 1114 534 1187 gloriosum
549 1115 810 1183 esse,sciliceteum
821 1116 914 1171 Deum
999 1110 1080 1166 Nunc
1093 1111 1214 1168 tandem
1230 1111 1268 1167 ad
1281 1111 1587 1186 hocProphetarenit
1599 1112 1642 1168 ad
1662 1111 1788 1186 quodin·

107 1214 169 1255 csse
182 1201 310 1271 credent,
321 1206 350 1258 et
361 1220 461 1276 regem
476 1207 505 1259 et
521 1203 765 1275 omnipotentem,
774 1206 803 1258 et
810 1205 914 1259 caetera
963 1198 1111 1266 tendebat,
1122 1199 1665 1272 apostrophamsicadgenteslaeiens,
1689 1200 1790 1274 dequi-

110 1303 175 1360 quae
191 1289 228 1345 ad
235 1290 297 1362 ejus
308 1290 432 1362 gloriam
441 1292 599 1364 pertinent.
610 1291 643 1344 Et
659 1290 727 1362 quia
737 1290 913 1345 omnismodi
963 1287 1017 1342 bus
1030 1287 1119 1343 inhoc
1134 1289 1245 1359 psalmo
1259 1288 1327 1360 agit.
1339 1289 1408 1344 Dico
1429 1289 1508 1360 quod
1534 1289 1689 1344 Dominus
1712 1290 1789 1345 lesus

109 1377 208 1448 populi
220 1377 277 1431 lide
286 1377 432 1446 ridebunt,
444 1382 512 1451 opto
521 1381 551 1434 et
563 1379 672 1444 hortor,
682 1378 915 1448 utconsunduotur
965 1375 1002 1429 sic
1017 1375 1092 1431 etsic
1106 1374 1159 1431 sibi
1170 1392 1292 1448 regnum
1304 1376 1419 1449 parabit
1432 1393 1486 1449 per
1495 1377 1606 1445 nubes,
1617 1381 1650 1432 et
1669 1377 1790 1450 quiadi-

110 1447 916 1538 bona388confusione,exemplopopulorumcredon-
964 1463 1088 1518 tissimus
1099 1467 1150 1519 est.
1158 1465 1233 1536 Ergo
1246 1464 1369 1536 gentiles
1392 1480 1518 1536 regnum
1539 1465 1608 1537 ejus
1628 1465 1787 1536 efficiendi,

107 1547 276 1605 tiumomnes
286 1555 335 1624 qui
352 1553 475 1621 moram,
489 1553 519 1608 id
533 1557 576 1609 est
592 1556 622 1608 ut
638 1555 712 1608 Deos
728 1557 913 1621 venerantur,
964 1553 1011 1624 qui
1024 1551 1145 1621 diligites,
1157 1551 1187 1606 id
1200 1552 1302 1624 estqui
1317 1551 1442 1624 diligetis
1454 1551 1612 1608 Dominum
1627 1551 1786 1623 Christum,

108 1636 575 1708 sculprtilio,idola;etnonsolum
596 1642 645 1715 qui
664 1642 797 1710 adorant,
826 1643 876 1698 sed
891 1648 916 1697 et
965 1639 1105 1695 veniendo
1122 1639 1159 1695 nd
1182 1639 1369 1707 lidem,·odite
1397 1640 1500 1695 molum
1526 1657 1635 1710 omne,
1652 1645 1684 1697 et
1709 1643 1785 1712 vitia,

107 1727 156 1796 qui
165 1724 315 1794 gloriantur
329 1730 357 1782 in
371 1729 520 1784 simulacris
534 1732 597 1798 suis,
609 1729 638 1785 id
653 1734 697 1786 est
712 1731 740 1785 in
757 1730 917 1785 simulacris
928 1717 953 1779 B
965 1727 1071 1783 scilicet
1085 1731 1115 1782 et
1127 1729 1203 1784 mala
1218 1744 1316 1800 opera.
1335 1750 1349 1780 u
1364 1728 1455 1785 Nemo
1468 1745 1603 1803 namque
1610 1732 1711 1803 patest
1719 1730 1786 1788 duo·

107 1812 270 1881 aselactis,
300 1833 364 1889 quae
380 1817 513 1873 adorant.
529 1819 568 1872 Ac
591 1819 614 1873 si
628 1819 758 1874 dicat:Si
781 1818 915 1874 homines
965 1816 1018 1872 bus
1055 1815 1180 1872 dominis
1218 1815 1327 1871 servire
1346 1816 1424 1882 (Luc.
1440 1820 1577 1885 ruald).
1595 1839 1612 1869 »
1630 1819 1669 1875 Et
1699 1819 1782 1875 siin

108 1899 153 1955 vel
164 1903 362 1958 cunctasrivas
376 1911 521 1961 creaturas
536 1906 702 1976 adorarent,
719 1906 815 1962 minus
830 1906 915 1964 misc·
966 1905 1090 1962 odiendo
1109 1904 1231 1971 malum,
1259 1905 1340 1960 robis
1362 1904 1567 1961 tribulationes
1589 1907 1784 1972 occurrerint,

109 2004 175 2045 rum
191 1994 274 2046 esset.
288 1990 400 2056 Quanto
429 2010 498 2066 ergo
516 1995 648 2051 miserius
663 2000 714 2063 est,
729 1996 916 2052 simulacrum
966 1997 1130 2049 constantes
1148 1991 1397 2049 estoteDominus
1416 1993 1496 2050 enim
1512 1992 1648 2050 Christus
1658 1995 1784 2063 custodit,

108 2074 914 2156 hominisadorare,praesertimeumadorarc,quisimu-
966 2081 996 2137 id
1010 2085 1054 2137 est
1068 2081 1208 2137 custodiet
1233 2083 1339 2136 uniones
1364 2099 1501 2138 cervonem
1515 2099 1644 2150 morum,
1672 2084 1785 2141 animas

109 2162 220 2221 lacrum
240 2167 310 2223 illud
326 2171 510 2241 composuit?
965 2172 1082 2236 vestras,
1099 2169 1255 2225 scilicetne
1271 2169 1471 2226 malistimore
1489 2169 1786 2240 conformemini3et
1806 2232 1809 2237 ,

146 2253 540 2330 Facitautemapostropham
559 2260 595 2316 ad
609 2261 737 2333 angelos,
755 2261 916 2317 concedens
966 2273 1025 2312 non
1033 2258 1127 2314 solum
1139 2256 1261 2325 animas,
1270 2257 1415 2314 sedetiam
1429 2258 1460 2313 de
1470 2261 1716 2331 manupecootoris
1723 2275 1787 2332 per·

110 2341 143 2396 ut
152 2343 244 2398 Deum
252 2344 385 2414 adorent,
395 2362 455 2401 non
463 2349 494 2401 ut
501 2348 916 2419 angeliegeantadbortatione
965 2345 1239 2418 sequentistiberooit
1248 2345 1436 2414 cosservos,id
1448 2350 1491 2402 est
1502 2346 1646 2403 liberabit
1654 2348 1785 2420 quando

109 2444 171 2497 sua,
198 2431 248 2486 sed
275 2434 307 2487 ut
326 2432 436 2489 bonum
466 2438 564 2490 votum
591 2453 675 2491 suum
701 2438 845 2504 ostendat,
876 2441 915 2505 et,
967 2449 1022 2505 que
1045 2451 1167 2507 corpora
1183 2439 1337 2513 eorum,‚ot
1350 2434 1373 2491 si
1385 2434 1531 2510 imprimis
1559 2434 1782 2510 aliquantulum

109 2518 243 2591 exemplo
264 2520 435 2591 angelorum
467 2522 682 2593 auctorizabilii,
703 2525 864 2581 incredulos
879 2525 916 2580 ad
965 2521 1515 2596 albigisinatlitsipersecutoresvitam
1528 2526 1784 2596 praesentemabs·

108 2605 290 2662 adorandum
297 2607 532 2676 Deumattrabat,
549 2610 678 2668 sic:Dico
699 2615 778 2685 quod
796 2613 915 2687 quidam
965 2611 1094 2680 tulerint,
1108 2628 1168 2668 non
1195 2613 1238 2666 est
1253 2611 1321 2667 inde
1341 2613 1513 2668 curandum.
1530 2613 1609 2669 Nam
1624 2629 1685 2686 pro
1699 2614 1782 2685 bidus

109 2695 195 2748 erunt
209 2694 364 2751 adorantes
389 2697 539 2768 sculptilia,
566 2700 658 2755 Deum
674 2701 799 2757 adorare
827 2701 916 2772 negli-
965 2698 1192 2755 vitaeamissione
1203 2698 1249 2754 luc
1259 2703 1376 2756 oeternae
1387 2700 1450 2756 vitae
1468 2707 1527 2756 orto
1537 2707 1588 2770 est,
1604 2701 1638 2756 id
1647 2702 1782 2770 astoric-

108 2782 219 2852 gcntcs.
234 2782 914 2862 Sedcumhochomuncionesmiserinegligant,
964 2790 1011 2842 tur
1017 2788 1093 2859 josto
1108 2787 1222 2860 cuique,
1233 2787 1341 2843 scilicet
1352 2787 1378 2844 ei
1395 2788 1513 2843 dabitur
1534 2787 1566 2844 in
1582 2791 1702 2845 aeterna
1726 2789 1782 2845 rita

107 2883 157 2926 ros
172 2870 274 2926 saltem
289 2888 377 2928 omnes
401 2874 490 2944 angeli
508 2874 565 2945 ejus
578 2874 627 2947 qui
635 2876 716 2931 valde
729 2877 915 2934 rationabiles
963 2875 1011 2930 lux
1026 2875 1118 2931 nimia
1130 2875 1234 2932 divinae
1256 2876 1519 2948 contemplationis.
1542 2878 1579 2932 Et
1592 2893 1650 2953 pro
1664 2877 1781 2933 tristitia

106 2957 184 3027 estis,
200 2957 320 3028 adorate,
331 2960 416 3016 idest
429 2979 545 3019 summo
556 2968 585 3020 ct
601 2964 716 3037 speciali
737 2968 814 3022 cultu
828 2984 914 3022 vene·
931 2980 1052 3059 equam
1065 2963 1110 3018 hic
1119 2963 1278 3034 patientur,
1287 2963 1396 3020 orietur
1402 2965 1442 3020 eis
1452 2963 1483 3018 in
1492 2963 1592 3021 futuro
1598 2963 1780 3021 laetitiabea·

105 3045 377 3103 raminioominum
384 3049 614 3108 christumoioo
629 3054 707 3124 quod
725 3055 825 3126 populi
837 3054 914 3110 vide·
964 3051 1313 3108 titudinisaeternae.turta
1323 3052 1394 3108 illud
1405 3051 1780 3126 DominicumzoBeatiqui

106 3132 182 3189 bunt
192 3135 316 3207 gloriam
332 3137 409 3207 ejus;
424 3138 479 3193 hoe
490 3142 587 3195 autem
603 3141 716 3209 audivit,
729 3142 809 3197 idest
818 3143 915 3198 audiet
965 3157 1041 3197 nunc
1057 3140 1142 3207 fletis,
1161 3122 1259 3210 389
1275 3138 1342 3211 quia
1365 3138 1497 3194 ridebitis
1521 3136 1640 3209 (Mettis.
1662 3156 1694 3204 v,
1709 3139 1748 3212 5).
1764 3159 1779 3189 s

104 3219 183 3290 Sion,
207 3229 232 3277 ct
246 3223 335 3278 teleto
347 3231 395 3293 est,
410 3225 440 3281 id
453 3229 496 3281 est
504 3227 657 3284 letabitur.
682 3228 754 3293 Quia
768 3247 835 3286 vero
846 3231 914 3287 Sion
964 3227 1164 3301 Ergoquiatoc
1178 3230 1207 3282 et
1216 3228 1310 3281 latitia
1319 3226 1405 3298 justis
1420 3225 1540 3293 orietur,
1558 3225 1656 3282 nolite
1672 3226 1704 3282 in
1728 3227 1779 3283 tri·

106 3310 236 3382 ponitur,
248 3313 277 3367 et
287 3328 340 3384 pro
355 3312 487 3369 fidelibus
500 3315 606 3371 Judoeis
620 3320 649 3371 et
664 3334 716 3389 pro
736 3319 912 3390 infidelibus,
964 3314 1158 3371 halationibus
1171 3314 1274 3371 cedere
1289 3317 1318 3369 et
1332 3313 1508 3382 contristari,
1527 3314 1581 3369 sed
1593 3314 1781 3388 pntiuslaeto·

108 3398 284 3455 determinat
294 3400 329 3455 de
339 3401 623 3473 quaSiondioat,sic:
633 3405 701 3461 Dico
715 3406 792 3479 quod
807 3408 914 3465 laetabi-
964 3405 1033 3458 mini
1042 3403 1111 3475 justi
1124 3405 1152 3457 in
1166 3401 1294 3469 Domino,
1310 3401 1339 3457 id
1356 3405 1398 3457 est
1412 3418 1472 3458 non
1482 3401 1512 3456 iu
1528 3401 1780 3469 malis,sedinbis

108 3488 157 3542 tur
170 3486 250 3557 Sion,
264 3495 299 3556 el,
313 3487 344 3544 id
360 3492 402 3545 est
415 3490 522 3546 scilicet
534 3492 730 3551 occultaverunt
742 3494 808 3568 filc‘ac
821 3497 910 3554 lucta.
964 3496 1106 3565 quaesunt
1120 3490 1247 3557 Domini,
1264 3490 1407 3547 scilicetin
1417 3490 1780 3565 virtutibusetbonisopc·

108 3571 194 3630 idest
211 3577 434 3634 exsultabuntde
456 3578 513 3635 lide
529 3581 702 3654 populorum
722 3583 788 3639 filias
800 3585 912 3641 conses-
961 3581 1050 3636 ribus.
1068 3579 1106 3635 lit
1119 3580 1283 3649 confitemini
1302 3579 1420 3635 laudem
1435 3579 1571 3633 memorie
1583 3581 1781 3650 sanctificatio-

107 3662 206 3732 sionis,
222 3663 329 3721 scilicet
340 3665 439 3722 fideles
449 3668 629 3740 primitivide
641 3670 756 3740 iudaeis,
766 3672 911 3730 confesso·
961 3671 1002 3723 nis
1016 3668 1083 3739 ejus,
1098 3667 1128 3723 id
1140 3669 1182 3722 est
1193 3668 1309 3723 laudato
1325 3683 1390 3723 oum
1405 3666 1503 3734 corde,
1518 3682 1600 3735 voce,
1622 3671 1657 3723 et
1678 3684 1778 3745 opere,

107 3751 284 3809 resnominis
297 3753 348 3809 Dei
363 3753 394 3810 in
407 3755 573 3825 manifesto,
591 3758 913 3816 nondeficientesintri-
962 3757 998 3812 de
1012 3757 1067 3812 hoc
1082 3756 1160 3829 quod
1174 3772 1289 3812 memor
1308 3755 1365 3811 orit
1379 3771 1429 3812 vos
1448 3755 1645 3825 sanctificare,
1662 3758 1716 3830 qui
1730 3757 1779 3813 diu

106 3837 318 3912 bulationibus;
330 3843 379 3915 qui
394 3860 521 3916 congrue
532 3845 682 3902 femininae
691 3846 756 3902 filiae
766 3847 910 3917 dicuntur,
960 3842 1034 3899 visus
1044 3847 1087 3898 est
1100 3844 1226 3898 vestrum
1240 3842 1271 3897 in
1284 3842 1485 3898 incredulitate
1499 3842 1683 3915 positorum,
1699 3849 1729 3902 ct
1746 3844 1778 3902 in

106 3938 141 3983 eo
150 3928 227 4001 quod
242 3928 271 3983 iu
281 3931 359 3986 cultu
373 3930 510 3988 virtutum
524 3932 581 3988 sint
592 3934 790 4004 pulcherrimi.
799 3936 913 4010 Specio·
961 3934 1078 4006 peccato
1095 3931 1228 4004 originali
1245 3930 1350 3987 oblitus
1363 3930 1461 3987 luisse.

106 4013 165 4071 sior
179 4016 260 4073 enim
274 4019 365 4073 cultus
378 4021 420 4074 est
427 4019 553 4076 filiarum
566 4038 654 4094 quam
663 4021 911 4081 filiorumnioun-
1046 4058 1053 4066 ·
1200 4018 1234 4074 Di
1254 4017 1416 4077 PSALMUM
1434 4018 1533 4075 XCVII·

104 4103 154 4158 tur
167 4120 281 4177 quoque
296 4104 373 4174 tiliae,
390 4123 425 4162 eo
450 4108 528 4180 quod
542 4109 652 4165 habiles
662 4111 719 4166 sint
737 4112 775 4167 ad
795 4113 866 4168 alios
881 4113 911 4168 in
995 4107 1103 4164 Titulus
1117 4107 1299 4179 nonagesimi
1311 4106 1436 4181 septimi.
1447 4107 1574 4163 Psolmus
1587 4106 1698 4180 Dauid,
1710 4114 1778 4169 Pro-

106 4190 165 4246 ssde
178 4193 392 4263 generandum,
406 4193 478 4251 sicut
498 4195 565 4251 ldiae
580 4196 617 4252 ad
638 4197 711 4255 filios
725 4199 909 4272 pariendum.
960 4198 1065 4270 phetae,
1073 4195 1255 4252 adhortantis
1267 4211 1369 4251 omnes
1376 4195 1475 4253 fidelos
1487 4195 1517 4251 in
1528 4200 1672 4270 tempore
1685 4201 1778 4273 pleni·

107 4277 306 4351 Exsultabunt,
318 4281 449 4355 inquam,
466 4285 495 4338 et
508 4284 784 4357 hocproptcrjudicio
792 4295 848 4356 luo,
857 4289 912 4345 Do
923 4291 949 4351 D
961 4284 1068 4341 tudinis
1074 4285 1195 4352 futuros,
1205 4284 1242 4340 ad
1252 4283 1560 4340 cantandumliomino
1570 4286 1656 4342 Patri
1664 4305 1775 4345 norum

105 4369 186 4440 minc,
196 4369 274 4442 qnia,
290 4371 400 4427 scilicet
410 4370 554 4443 judicabis
564 4375 911 4445 nonsolumludaeos,sed
961 4375 1115 4436 canticum,
1131 4375 1263 4445 respectu
1280 4371 1459 4428 mirabilium
1469 4371 1699 4444 beneficiorum,
1709 4393 1775 4451 quse

107 4456 137 4511 ct
150 4459 252 4528 gentes
265 4459 385 4514 salvare.
401 4460 491 4516 «Non
503 4460 632 4516 estenim
641 4463 767 4535 acceptio
775 4480 912 4535 persona·
960 4478 1013 4535 per
1025 4461 1127 4517 Filium
1142 4460 1172 4516 in
1180 4461 1307 4516 humano
1314 4476 1420 4533 genere
1426 4460 1589 4529 factasunt3
1605 4464 1775 4536 quostiam

107 4557 174 4599 rum
189 4543 266 4615 apud
280 4546 372 4601 Deum
382 4546 474 4616 (Rom.
492 4565 522 4617 11,
541 4549 617 4622 ll).»
629 4551 663 4606 Et
674 4551 778 4607 merito
791 4553 911 4609 exsulta·
961 4552 1069 4616 narrat,
1084 4552 1115 4604 ut
1129 4549 1221 4621 magis
1236 4548 1381 4604 auditores
1396 4548 1433 4604 ad
1443 4548 1620 4605 Deilaudem
1631 4553 1773 4609 attrabat.

107 4631 181 4688 bunt
196 4633 231 4688 de
236 4633 352 4705 judiciis
370 4635 435 4704 tuis,
451 4640 578 4710 quoniam
602 4639 685 4712 tuqui
708 4640 788 4713 quasi
815 4659 911 4699 servus
959 4637 994 4692 lit
1008 4638 1062 4693 hoc
1074 4637 1173 4706 etiam,
1188 4635 1240 4693 etsi
1251 4637 1380 4692 futurum
1398 4639 1481 4706 esset,
1492 4635 1573 4709 quasi
1581 4640 1774 4711 praeteritum

106 4718 250 4777 videberis
261 4721 462 4794 amicissimos,
473 4724 911 4800 idestOmnipotensdominaus
960 4724 1211 4788 ennuntiat,more
1226 4724 1405 4798 prophetico.

104 4822 183 4881 cuper
193 4825 297 4866 omnem
309 4815 487 4880 corrumdam
502 4831 588 4887 super
600 4816 806 4888 ludaeosquam
825 4834 911 4892 super
997 4810 1120 4880 Contote,
1136 4812 1166 4867 id
1180 4815 1304 4868 osteum
1328 4811 1482 4869 dilectione
1501 4812 1638 4870 exhibete
1651 4814 1774 4873 Domino

105 4900 216 4968 gentes,
233 4901 263 4953 et
277 4900 356 4955 oloris
369 4901 501 4957 ccoltotos
515 4920 550 4971 cs,
567 4902 596 4957 id
614 4906 657 4958 est
672 4905 754 4961 valde
770 4908 910 4961 exaltatus
960 4899 1048 4968 Patri,
1065 4917 1081 4956 o
1097 4917 1146 4956 ros
1161 4916 1264 4956 omnes
1278 4898 1386 4968 fideles,
1405 4902 1538 4957 canticum
1552 4917 1667 4970 muoso,
1686 4903 1776 4961 idest

106 4983 161 5039 eris
177 4986 212 5041 ab
223 4985 303 5043 omni
319 4991 405 5061 gente
419 5007 497 5062 super
513 5007 601 5046 omncs
622 4988 680 5047 deos
695 5009 806 5048 earum.
827 4993 910 5057 Quod
959 4989 1184 5063 completionem
1200 5004 1341 5044 novorum
1356 4989 1618 5062 praeceptorum,in
1628 5008 1690 5065 qua
1697 4991 1776 5049 dele-

104 5068 149 5127 cst
170 5073 264 5130 dicere
275 5075 363 5131 :Cum
378 5077 471 5132 adbuc
497 5078 627 5135 infideles
651 5080 733 5136 valde
760 5080 829 5136 deos
843 5098 909 5138 suns
958 5082 1052 5135 ctatur
1066 5077 1177 5133 sicutin
1192 5077 1314 5133 cantico.
1329 5077 1378 5134 Vel
1391 5083 1495 5132 cantate
1509 5076 1535 5131 ei
1561 5082 1706 5136 conteram
1724 5099 1773 5139 no-

104 5161 241 5231 exaltent,
253 5164 345 5220 multo
358 5165 451 5238 magis
463 5169 616 5239 postquam
636 5168 673 5223 ad
687 5169 776 5224 fidem
792 5170 909 5226 venient
958 5186 1032 5237 oum,
1041 5167 1072 5223 id
1086 5170 1128 5223 est
1142 5165 1384 5238 cumjucuntitate
1394 5166 1508 5222 laudate
1520 5167 1686 5225 Dominum
1697 5187 1775 5227 nora

105 5249 272 5305 exaltabunt
283 5253 464 5322 te,etcorde‚
481 5259 519 5324 et,
533 5272 612 5325 voce,
628 5260 658 5312 et
685 5274 783 5331 opere.
805 5258 855 5313 Vel
870 5259 909 5315 sio
958 5259 1054 5324 laude,
1069 5254 1176 5313 scilicet
1190 5254 1288 5310 delllii
1302 5254 1364 5326 ejus
1379 5257 1484 5321 morte,
1503 5253 1539 5309 de
1553 5255 1647 5312 totius
1664 5259 1773 5315 mundi

103 5335 372 5411 continettPropter
389 5342 494 5412 judicic
517 5350 562 5399 loc
585 5345 766 5403 exsultabunt
779 5345 842 5416 filiae
856 5346 907 5402 Jo-
958 5346 1153 5419 reparatione‚
1168 5343 1378 5416 quodquidam
1391 5359 1500 5398 novum
1516 5344 1570 5398 est.
1584 5343 1623 5400 Et
1638 5345 1710 5403 iden
1725 5364 1773 5403 no·

103 5422 160 5491 dam
174 5427 204 5479 et
216 5440 281 5482 ecce
291 5427 417 5500 judicia:
430 5429 566 5498 Quoniam
591 5440 620 5488 tu
634 5451 660 5490 es
686 5434 827 5490 altissimus
851 5436 910 5493 Do·
958 5453 1022 5492 uum
1032 5435 1164 5489 coriticam
1176 5438 1291 5499 conlate,
1305 5430 1514 5505 qoiomirotilio
1525 5430 1774 5503 secitinhumano

97 5510 196 5593 ¹misto
207 5526 284 5586 sopor
298 5531 403 5575 omnem
418 5523 526 5590 terram,
543 5519 575 5580 id
589 5523 643 5593 est,
657 5523 711 5581 boc
721 5521 865 5598 judicabis
877 5528 910 5583 ut
952 5538 1073 5602 genere.
1089 5522 1123 5580 Et
1138 5537 1203 5581 ecco
1217 5535 1309 5579 unum
1320 5518 1455 5579 mirabile
1475 5518 1553 5595 quod
1564 5519 1776 5589 recitacione
