3772 5970
157 279 209 336 ns
290 353 292 355 .
566 278 596 336 s.
621 276 794 337 anouours
816 270 1133 339 mnrnusnnonuu
1153 279 1387 340 memorans
1436 252 1448 268 ”
1761 282 1814 338 ess

156 419 233 462 vera
242 403 349 462 forent.
371 426 387 459 a
399 405 521 474 htvero,
534 404 657 479 inquies,
673 403 750 463 unde
760 420 830 478 crgo
839 403 961 462 aaran·
971 404 1000 468 A
1010 406 1139 477 horrere,
1156 424 1213 481 quo
1225 408 1342 465 territus
1353 408 1450 465 Brnno
1466 405 1569 464 dicitur
1583 421 1716 463 eremum
1731 420 1819 479 pene·

157 493 244 551 aiensi
262 493 443 569 prodigio,·si
456 494 612 553 traditione
619 511 687 551 vere
699 497 850 566 acceptum
859 493 888 550 id
902 512 961 551 non
1010 499 1110 553 tressa
1122 517 1138 551 ι)

156 584 203 652 sit,
220 587 300 640 ortus
313 601 373 640 esse
393 587 488 660 potest
501 585 636 653 incertus,
650 589 682 640 ut
695 587 754 641 vult
764 583 918 656 Launaius,
930 584 961 641 in

157 674 416 731 carthusianorum
432 674 559 730 claustris
572 675 803 731 rumorillludne
819 673 849 729 hi
863 674 960 729 forsan

154 765 368 823 confinxerint?
376 766 419 820 lta
427 765 489 820 lere
499 764 587 821 etiam
597 764 656 820 bini
665 764 844 820 Carthasiani
854 779 962 835 anony-

60 848 65 855 ’
153 857 196 912 mi
206 871 293 927 supra
303 853 421 909 laudati.
437 854 554 923 Verum,
569 853 620 910 etsi
630 854 660 910 id
675 871 838 927 anonymus
850 855 959 928 primo·

152 961 220 1001 rum
235 946 361 1016 quinque
373 943 529 999 Carthasim
546 943 676 1017 priorum
688 945 881 1016 chronologus
893 959 961 998 vera

150 1032 372 1090 traditionenon
382 1031 512 1091 didicisse
521 1035 959 1105 statuatur‚conscquenstamen

151 1123 220 1179 hinc
233 1139 291 1178 non
307 1121 354 1190 sit,
369 1124 400 1176 ut
412 1121 442 1177 id
455 1123 499 1177 vel
513 1138 548 1177 ex
560 1122 670 1178 incerto
681 1138 800 1178 rumore
814 1123 857 1176 vel
867 1122 958 1177 ecar-

148 1209 350 1267 thusianorum
365 1209 709 1283 antiquornmfigmentis
722 1209 958 1283 acceperitouid

147 1298 265 1356 sienim
287 1299 435 1356 horrenda
459 1299 591 1355 damnati
615 1299 735 1355 historia
748 1315 808 1355 non
833 1299 957 1376 publice,

149 1389 201 1446 sed
213 1389 290 1445 intra
304 1387 431 1461 privatas
449 1388 577 1445 deiuncti
596 1389 673 1445 aedes
689 1406 788 1445 coram
802 1388 900 1462 paucis
910 1404 957 1444 ac·

147 1478 260 1547 uiderit,
282 1477 479 1552 temporisque
504 1477 609 1534 deinde
633 1479 717 1551 lapsu
741 1478 771 1533 iu
803 1477 956 1549 adjunctis,

147 1567 229 1623 nullo
239 1565 306 1622 licet
319 1565 531 1623 interveniente
544 1567 697 1640 tigmento,
709 1565 796 1622 luerit
807 1564 957 1638 corrupta?

1048 585 1126 641 ortu
1145 605 1308 642 amarescens
1318 586 1458 642 claudessit
1468 585 1586 658 pondere
1596 587 1700 649 mortis,

1044 672 1084 729 Et
1098 676 1181 730 trabit
1191 676 1226 730 ad
1234 678 1344 747 speciem
1358 677 1481 730 lcumena
1490 675 1626 747 perdeoia
1640 676 1728 730 sorte's.

1045 761 1146 834 Merprt
1158 770 1183 818 et
1198 764 1287 818 easitio
1297 767 1471 835 propriorum
1483 780 1594 836 quaeque
1607 763 1739 818 tabescens
1759 780 1767 817 ε

1047 851 1123 906 Unde
1138 854 1258 908 tumescis
1271 854 1348 908 bomo
1358 855 1437 908 mher
1448 853 1498 907 bac
1514 859 1592 907 etate
1606 868 1739 909 senescens

1042 940 1129 996 Fonte
1144 939 1312 1012 Carybdineo
1324 944 1451 1012 mcrqeris
1462 940 1498 997 ad
1513 941 1609 995 ultima
1623 941 1686 1011 finis
1701 958 1709 996 s

1041 1029 1085 1085 Ae
1099 1031 1166 1086 einis
1181 1032 1209 1085 in
1224 1030 1438 1085 cineressotocris
1450 1037 1481 1085 ut
1494 1029 1590 1084 umbra
1604 1029 1728 1085 lucernis.

1041 1118 1093 1174 Est
1108 1113 1183 1173 tbbor
1191 1120 1248 1190 ejus
1263 1136 1350 1182 amor,
1366 1126 1391 1172 et
1405 1117 1595 1173 inextricabilis
1605 1134 1692 1184 error,

1040 1206 1155 1279 Defectu
1164 1207 1242 1278 cujus
1250 1209 1370 1261 anienem
1379 1207 1673 1277 complectiturborror,

1040 1293 1190 1369 Postquam
1203 1295 1306 1352 nudata
1319 1296 1405 1366 luerit
1419 1295 1452 1350 de
1463 1311 1570 1350 carcerc
1580 1297 1669 1350 carnis

1045 1383 1097 1439 Vel
1107 1383 1217 1440 Satanae
1231 1384 1342 1440 ducibus
1351 1384 1402 1439 buc
1413 1385 1589 1456 circumsepta
1602 1385 1724 1439 catervis

1042 1470 1120 1538 Quod
1132 1480 1248 1529 metuens
1259 1475 1393 1527 animosus
1408 1473 1436 1526 in
1447 1473 1495 1526 boc
1511 1472 1663 1529 descrimine
1674 1471 1770 1528 Bruno

1040 1559 1158 1616 Servitia
1165 1568 1293 1634 penetrat
1306 1578 1425 1616 eremum
1440 1562 1594 1616 certaminis
1607 1577 1672 1628 uno,

153 1653 228 1710 Fieri
241 1672 311 1710 sene
333 1654 362 1710 id
375 1655 511 1728 potuisse,
535 1672 571 1711 ex
587 1654 665 1711 inira
677 1654 806 1710 dicendis
818 1654 955 1726 patescet,
1040 1649 1152 1723 Linquit
1165 1667 1225 1722 opes
1240 1648 1384 1723 mundque
1398 1649 1487 1713 decus,
1501 1666 1535 1704 ne
1543 1648 1630 1721 pieria
1637 1665 1719 1721 pana

147 1742 189 1798 uti
199 1744 229 1800 et
241 1744 355 1813 modus,
368 1760 425 1818 quo
436 1744 545 1800 factum
559 1761 619 1800 esse
630 1747 728 1816 queat.

147 1865 240 1936 §lllll
264 1865 332 1922 Alia
358 1866 481 1951 quedam
508 1867 637 1938 facientia
659 1882 712 1937 pro
740 1863 876 1937 prodiqio,
904 1879 956 1936 qua

966 1729 993 1790 B
1039 1738 1107 1794 Fiat
1118 1741 1148 1793 in
1162 1741 1310 1807 interitum,
1325 1741 1379 1795 etc.

1041 1828 1104 1883 360.
1116 1846 1133 1880 a
1148 1826 1247 1883 Simile
1260 1827 1330 1900 quid
1343 1826 1490 1899 primariae
1508 1826 1638 1885 Ecclesiae
1649 1826 1816 1884 Parisiensie

181 1937 274 1993 electe,
292 1937 464 2007 peremis,
480 1955 534 1993 ,ese
547 1937 717 1999 demeum,
746 1936 867 1991 ,detenti
885 1933 956 1988 met.
1005 1915 1136 1973 canonici
1150 1916 1245 1974 amico
1261 1916 1389 1972 Brunoui
1400 1919 1586 1988 percutentes
1596 1916 1698 1988 (Tutulo
1709 1932 1817 1990 nempe

183 2006 295 2064 titudini
315 2008 423 2081 publice
449 2025 464 2064 e
486 2011 588 2080 feretro
611 2008 792 2072 denuntiarit,
819 2009 957 2061 rationum
1006 2003 1083 2060 inter
1096 2005 1277 2060 recudendoe
1292 2002 1352 2076 109)
1366 2003 1517 2060 succinunt
1532 2021 1538 2059 :
1556 2025 1571 2055 »ι

182 2087 315 2135 momenta
326 2081 489 2151 assuuntur,
505 2086 531 2135 et
546 2098 582 2134 ari
594 2096 626 2134 ea
640 2079 680 2134 bes
696 2078 802 2133 tandem
818 2077 885 2132 illud
895 2091 955 2132 cero

181 2149 267 2205 simile
278 2157 421 2224 utcumque
433 2167 487 2206 nors
499 2150 560 2221 fiet,
575 2152 756 2205 examinatur.

182 2256 266 2322 Quod
287 2255 406 2313 ctitirlis
420 2256 600 2325 funebribus,
624 2256 704 2329 queis
727 2255 832 2312 Sancto
856 2257 955 2312 nostro

146 2344 278 2402 Ecclesiae
292 2345 526 2419 monasteriaque
542 2345 654 2402 diverse
667 2347 869 2420 parentarunt,
881 2360 956 2400 non·

145 2433 842 2506 nulli,eumedivinorumjudioiaruminternique
851 2433 955 2488 timore

146 2522 177 2579 in
189 2538 322 2580 eremum
335 2524 492 2593 secessisse,
508 2523 586 2579 haud
602 2523 721 2581 obscure
734 2522 873 2589 indicent,
888 2519 956 2575 hinc

146 2610 178 2667 in
202 2611 256 2667 illis
272 2612 309 2668 ad
333 2613 494 2683 luctuosam
511 2612 642 2668 damnati
658 2610 783 2668 doctoris
803 2609 954 2666 historiam

147 2699 246 2769 alludi,
262 2716 425 2773 anonymus
444 2701 592 2757 tractatus
607 2702 642 2757 de
661 2698 690 2755 S.
707 2700 843 2755 Brunone
858 2714 875 2752 a
890 2697 956 2752 Car-

146 2788 287 2846 thusianis
307 2789 455 2861 hujatibus
479 2805 595 2846 mecum
624 2786 832 2845 communicati
855 2788 956 2842 auctor

68 2925 92 2957 ,ἱ
147 2877 360 2950 eonjioihquod
380 2877 688 2936 siautcmadleralom
706 2881 843 2934 eventum
862 2877 957 2948 reipsa

146 2963 178 3022 in
194 2964 276 3021 dietis
293 2965 393 3022 ritulis
407 2966 562 3036 alludatur,
590 2983 771 3040 consequens
785 2968 838 3035 est,
862 2968 894 3021 ut
910 2964 957 3021 hic

147 3071 208 3112 non
218 3057 333 3111 tantum
347 3056 602 3125 acciderit,veru1n
613 3057 702 3113 etiam
713 3058 744 3112 ut
754 3055 868 3128 publice
883 3054 957 3111 eooi-

147 3132 958 3219 derit,utpotequcmahoquinecclesiaemouasterieque,

148 3247 274 3305 quorum
297 3232 318 3288 ii
331 3237 409 3303 sunt,
424 3238 609 3307 perspectum
629 3233 708 3290 haud
723 3232 902 3290 habuissent.
918 3233 959 3288 Ne

149 3320 219 3393 quid
249 3320 355 3394 itaque,
380 3323 459 3396 quod
488 3323 621 3396 prodigio
636 3320 790 3379 Parisienei
803 3326 960 3393 utcumque

150 3408 248 3466 iavcre
275 3411 365 3466 videri
392 3413 496 3482 potest,
525 3410 741 3468 inobservatum
775 3413 959 3484 preteream,

150 3497 262 3560 laudati
273 3498 397 3555 auctoris
410 3499 550 3572 anonymi
562 3500 659 3568 verba,
679 3502 875 3556 memoratam
890 3516 959 3556 con·

147 3585 294 3659 jacturam
317 3587 551 3660 complectentia,
564 3606 623 3645 una
640 3604 707 3644 cum
729 3587 819 3644 titulis
833 3588 960 3646 tunebri-

1042 2092 1122 2149 Ouos
1135 2093 1279 2155 mundani.
1293 2095 1377 2166 quire
1386 2093 1507 2164 qaudetis
1522 2095 1609 2158 inani,

1040 2179 1165 2252 Spernitc
1177 2182 1313 2239 culturam
1328 2184 1416 2237 cumis
1430 2183 1517 2237 subito
1524 2184 1688 2255 perituram.

1041 2267 1145 2342 Corpus
1157 2272 1340 2326 enimcastum
1353 2273 1430 2326 uaria
1439 2271 1604 2343 pinguedine
1608 2279 1720 2343 pastum

1042 2358 1101 2426 Quo
1113 2363 1199 2432 maqis
1213 2360 1350 2432 impletur,
1361 2361 1490 2432 putidum
1502 2362 1589 2431 meeis
1604 2361 1747 2431 efficietur.
1786 2401 1790 2410 ι

1041 2446 1100 2504 Cur
1115 2450 1302 2522 impinquatur
1315 2467 1388 2511 caro,
1401 2467 1455 2522 quc
1469 2452 1564 2505 verme
1576 2453 1719 2505 sanatur?
1739 2513 1743 2520 ¹

1042 2536 1100 2593 Cur
1115 2539 1180 2594 adeo
1193 2541 1314 2610 cupimus
1328 2539 1407 2602 barm,
1419 2557 1479 2613 quae
1490 2542 1602 2595 retinere
1610 2542 1771 2612 nequimus?

1041 2626 1113 2695 Quos
1122 2628 1192 2683 male
1204 2627 1306 2683 seducit
1318 2628 1443 2692 mundus,
1451 2646 1502 2700 per
1513 2629 1680 2694 deoiaducit,

1039 2715 1078 2771 Et
1089 2723 1228 2771 sectatores
1241 2719 1329 2771 cornis
1337 2718 1411 2788 saliit
1418 2735 1469 2789 per
1477 2718 1597 2782 bonores,

1041 2802 1204 2878 Blandaque
1209 2807 1364 2877 pretendit,
1377 2805 1442 2860 dum
1451 2806 1526 2861 nabes
1540 2809 1607 2861 retia
1621 2807 1714 2864 tendit.

1039 2892 1092 2949 Est
1103 2900 1129 2948 et
1141 2896 1170 2948 in
1184 2894 1233 2947 boc
1244 2892 1344 2948 mundo
1358 2895 1503 2950 mundanis
1511 2895 1670 2960 sollicitudo,
1784 2951 1786 2956 ,

1039 2980 1176 3055 Panaque
1190 2982 1312 3038 lucratur
1316 3001 1424 3055 penam
1435 3001 1443 3050 ς
1455 3001 1517 3040 caro
1525 2984 1563 3040 bis
1575 2987 1724 3040 amiatae.

1043 3069 1099 3137 Qui
1112 3070 1186 3126 lucra
1201 3077 1347 3135 sectantur,
1357 3072 1445 3127 subita
1457 3090 1519 3128 nece
1525 3075 1742 3146 precipitantur,

1042 3158 1082 3214 Et
1095 3160 1209 3215 subcunt
1222 3166 1333 3214 antrum
1344 3177 1436 3215 carnes
1446 3179 1592 3235 emmaque
1603 3163 1770 3218 barathrum.

1043 3245 1113 3302 Hac
1127 3249 1192 3302 satis
1204 3253 1302 3302 attente
1303 3254 1474 3319 pertractans
1483 3246 1579 3304 Bruno
1592 3256 1710 3321 repente,

1046 3334 1096 3390 Ille
1106 3339 1298 3406 mapbtrorum
1309 3336 1398 3406 decus,
1414 3322 1571 3407 informatio
1580 3355 1697 3404 aeorum,

1043 3424 1198 3497 Remiqium
1211 3426 1295 3480 turbae
1304 3424 1440 3482 tiernensis
1455 3428 1544 3499 major
1556 3431 1585 3483 in
1597 3429 1664 3485 urbe

1043 3512 1180 3569 Mundum
1191 3515 1318 3587 despexit,
1333 3516 1385 3570 iter
1401 3515 1437 3570 ad
1446 3516 1558 3572 celestia
1567 3518 1654 3586 sterit,

1047 3602 1150 3658 Vilibus
1163 3603 1377 3676 indutuspannis
1393 3611 1428 3667 te,
1445 3602 1560 3670 Christe,
1575 3611 1690 3671 secutus,

150 3674 205 3733 bus
218 3677 321 3749 quibus
341 3678 417 3733 hanc
439 3677 487 3733 ille
502 3677 682 3751 superstruit,
710 3678 766 3734 huc
786 3679 957 3748 transcribo,
1042 3691 1279 3762 Huiciqiearcoeti
1287 3701 1403 3765 pateant
1416 3695 1568 3768 populoque
1581 3694 1664 3765 fideti,

151 3763 257 3822 deinde
275 3765 375 3835 etiam,
391 3783 456 3839 quae
468 3782 535 3822 mea
548 3766 603 3822 hae
618 3766 654 3822 de
674 3782 706 3822 re
727 3766 764 3822 sit
781 3767 889 3840 opinio,
906 3766 957 3823 ed·
1043 3780 1114 3838 cem
1125 3799 1177 3854 qee
1193 3781 1298 3838 legemr
1308 3781 1418 3848 Reme,
1425 3800 1525 3854 ,emper
1535 3786 1665 3840 ΜΨ,

146 3853 493 3926 i⁰ss⁰i¹¹f¹1³·350h⁸b⁰ssi
508 3872 515 3911 ²
531 3874 548 3908 ⁴<
557 3855 663 3912 Veram
680 3854 958 3927 illi11-‘³(S·¹³l¹¹¹1⁰¹¹it
1042 3873 1104 3926 sos.
1119 3889 1136 3924 ι
1147 3872 1276 3927 llonachi
1292 3888 1408 3945 quoque
1421 3872 1518 3929 Sancti
1538 3873 1674 3930 Germani
1686 3874 1818 3947 ejusdem

150 3943 291 4016 lidilicet)
301 3961 446 4001 ”⁰⁰⁸³ffll’
468 3945 498 4001 5¹¹
514 3960 646 4000 emmim
669 3959 810 3999 «oausam
824 3944 896 4000 unffi
917 3944 958 4000 iia
1007 3959 1085 4016 urbis
1101 3959 1278 4033 (parisiensis
1289 3964 1409 4035 nempe)
1426 3964 1571 4019 tententur
1586 3962 1818 4035 (in'lituloluna-

150 4031 284 4103 reprimo
299 4048 474 4104 cosnoscere
484 4034 652 4106 notuerunt,
670 4047 760 4103 uuam
771 4032 912 4102 Ecclesia,
928 4032 958 4089 in
1007 4048 1052 4105 eri
1070 4048 1209 4105 nimirum
1224 4048 1269 4122 eo)
1280 4050 1446 4107 sennonem
1460 4052 1555 4109 utimr
1565 4052 1667 4125 sunau
1681 4054 1818 4111 muroe-

151 4134 210 4191 qua
224 4117 344 4176 Sanctus
354 4119 424 4176 olim
440 4121 541 4193 egerat
552 4119 736 4190 canonicum,
745 4119 857 4177 Sancta
864 4122 958 4179 llariae
1006 4137 1086 4196 none
1097 4137 1338 4212 perterrefactum
1353 4138 1440 4195 fuisse
1451 4155 1458 4195 :
1470 4158 1487 4193 e

151 4205 301 4265 blemensis
321 4208 463 4278 canonici,
477 4208 527 4282 qui
546 4225 612 4265 eam
633 4225 685 4265 sue
698 4209 803 4280 litulo,
819 4211 867 4285 qui
882 4211 959 4270 inter
1041 4227 1217 4285 Mmeeemie
1228 4228 1326 4282 metris
1347 4227 1556 4303 eeeeeeeeeepee
1570 4229 1664 4286 bubni

149 4296 279 4354 edendos
288 4299 385 4355 locum
397 4300 528 4366 bltenet,
539 4297 579 4354 sic
590 4297 739 4355 insinuant
754 4316 762 4357 ι

185 4403 289 4462 dudicis
301 4422 411 4464 eramen
424 4407 531 4462 centuri
544 4404 640 4461 Bruno
648 4422 801 4478 pavescens,

967 4324 995 4386 1)
1041 4318 1113 4382 Lus,
1124 4319 1153 4372 iri
1163 4333 1216 4390 qua
1227 4317 1336 4388 reprobi
1346 4317 1419 4373 maht
1434 4318 1587 4383 tollentseu
1603 4319 1671 4375 bona
1677 4318 1759 4392 justi.

1040 4406 1124 4462 Hanc
1137 4407 1226 4462 timuit
1239 4406 1347 4470 Bruno,
1362 4407 1459 4479 sophia
1471 4409 1519 4481 qui
1530 4425 1607 4465 cerus
1622 4415 1739 4470 amator.

184 4493 344 4551 Mandanes
357 4497 512 4569 contempsit
522 4511 594 4567 opes,
608 4512 776 4570 eremumque
788 4499 904 4570 petiuit3
1004 4493 1045 4551 Ex
1058 4495 1103 4551 his
1116 4498 1146 4550 et
1160 4493 1332 4568 quibusdam
1347 4495 1410 4551 aliis
1429 4496 1527 4565 titulis,
1552 4497 1601 4570 qui
1615 4497 1722 4555 similia
1736 4498 1812 4556 indi·

184 4582 276 4658 Atque
289 4587 378 4640 suaais
392 4586 432 4641 ibi
443 4587 550 4657 [ructus
561 4587 648 4640 enuit
661 4584 760 4649 odoris,
1003 4588 1079 4654 eant;
1094 4601 1154 4642 non
1169 4582 1293 4639 absurde
1305 4585 1469 4656 conjectare
1493 4601 1655 4658 possumus,
1668 4588 1813 4644 Brunonis

150 4728 153 4736 ,
183 4671 232 4727 Ad
245 4672 383 4729 Christum
395 4692 530 4744 recaeam,
544 4690 608 4747 quos
621 4673 909 4746 thiauanasesetb't.
1003 4674 1112 4732 amicos
1137 4673 1166 4728 in
1188 4672 1229 4730 eis
1248 4672 1387 4747 implicite
1402 4674 1530 4730 allusisse
1544 4674 1662 4732 redivivi
1683 4676 1811 4734 hominis

184 4763 246 4818 359.
257 4784 272 4814 u
281 4762 447 4837 liudulphus
459 4761 766 4836 Viridieprsepositurae
774 4762 914 4835 dignitate
921 4762 953 4819 in
1002 4763 1174 4838 spectaculo;
1184 4761 1247 4818 illos
1262 4778 1330 4818 vero
1340 4778 1400 4819 non
1412 4764 1488 4819 olane
1502 4762 1654 4820 historiam
1661 4763 1810 4837 designas·

146 4865 183 4907 ea
192 4852 381 4909 eeclesiatum
391 4852 546 4925 gaudebat,
553 4851 602 4925 qui
609 4852 707 4907 forsan
717 4851 803 4923 hujus
812 4852 887 4908 tituli
902 4870 952 4909 au·
1001 4868 1041 4920 sa,
1058 4869 1095 4908 ne
1110 4851 1221 4907 samam
1237 4851 1312 4907 illius
1330 4850 1449 4924 ejusque
1462 4852 1746 4925 consanguinearum
1753 4851 1812 4909 vio·

146 4941 254 4997 ctorad
261 4940 473 5009 invitationem,
488 4957 546 5014 qua
556 4941 642 5013 paulo
653 4943 721 4994 ente
729 4956 782 5012 per
798 4941 952 5012 epistolam
1000 4941 1062 4997 lare
1076 4940 1253 4998 riderentur.
1270 4939 1407 4996 latemur
1424 4942 1527 4997 eadem
1547 4941 1583 4997 de
1595 4940 1726 5013 quolibet
1739 4940 1809 5010 alio,

48 5061 51 5065 ,
144 5028 182 5084 ed
198 5029 530 5086 monasticumhabitum
544 5045 579 5085 ex
591 5031 657 5084 voto
666 5027 848 5083 induendum
858 5031 953 5085 aBru-
1001 5028 1112 5084 mundo
1125 5027 1312 5096 valedicente,
1321 5029 1402 5100 cujus
1412 5027 1606 5085 conversionis
1618 5043 1704 5085 cauea
1726 5031 1808 5099 latet,

144 5131 223 5172 none
253 5118 386 5175 incitatus
404 5119 509 5187 iuerat,
534 5117 620 5173 tacite
649 5114 751 5171 alludit
772 5116 816 5171 his
839 5117 948 5174 verbis:
1000 5117 1055 5174 dici
1077 5133 1171 5191 posse,
1190 5116 1241 5172 sed
1270 5133 1337 5171 cum
1364 5117 1442 5188 apud
1473 5133 1575 5173 omnes
1593 5117 1810 5175 Carthasieusas

143 5205 214 5260 «Ad
224 5205 369 5263 Christum
376 5223 514 5264 revocans
530 5221 602 5278 quoe
617 5203 792 5276 gloriavana
805 5204 915 5261 fefellit.
932 5227 947 5257 u
998 5221 1114 5278 semper
1125 5208 1222 5261 ratum
1236 5204 1332 5273 inerit,
1349 5205 1513 5262 brunonem
1526 5204 1717 5262 exhorrenda
1728 5205 1810 5262 dam-

141 5291 274 5349 Ecclesiae
282 5294 418 5351 ilamensi
432 5294 624 5368 adstipulatur
636 5290 816 5363 particularis
831 5293 949 5350 ecclesie
1000 5294 1064 5351 nati
1076 5293 1208 5366 magistri
1215 5292 1324 5364 judicio
1332 5294 1535 5349 tremefactum
1546 5293 1656 5349 mundo
1664 5293 1810 5350 abrenun-

141 5379 384 5440 S.Bartholomaei
395 5384 427 5439 in
443 5386 543 5441 monte
558 5383 608 5452 Or,
621 5398 681 5438 non
696 5381 783 5454 longe
796 5381 948 5439 abeodem
996 5383 1092 5453 tiasse,
1116 5383 1210 5456 gravis
1227 5382 1295 5438 inde
1315 5384 1483 5455 conjectura
1504 5382 1626 5450 elicitur,
1641 5382 1720 5440 idem
1731 5383 1809 5455 judi·

140 5467 213 5526 urhe
231 5470 340 5542 dissita,
362 5473 443 5546 cnjus
452 5473 590 5546 elogium,
601 5471 679 5528 inter
688 5469 797 5526 Titulos
810 5469 947 5529 funebres
996 5473 1073 5530 cium
1082 5474 1113 5529 in
1126 5471 1335 5545 praedictorum
1351 5472 1503 5529 titulorum
1527 5469 1622 5529 verbis
1650 5473 1805 5536 contineri.

138 5552 269 5621 mentm
278 5553 379 5622 ordine
393 5564 440 5635 cb,
456 5563 553 5623 toturn
564 5564 608 5622 est
621 5560 659 5620 dc
672 5557 776 5620 mortis
794 5562 825 5618 et
838 5558 946 5623 interni
996 5561 1053 5622 our
1064 5559 1146 5620 enim
1159 5556 1246 5617 amici
1263 5559 1292 5618 ei
1307 5559 1463 5634 chencres,
1477 5558 1527 5636 qui
1536 5557 1647 5636 opums
1660 5561 1808 5622 odiebant
