3772 5976
93 350 148 406 500

878 336 968 408 xcix

1700 370 1752 429 5Ιο

131 474 174 527 37.
200 467 253 541 1ρεί
277 467 354 525 enim
380 471 490 541 septem
513 469 606 539 lhcato
622 473 755 530 ltrunone
772 480 902 543 caeteros,
917 481 944 537 A
956 476 1103 543 emebant,
1120 477 1169 531 sed
1184 478 1207 532 si
1231 479 1306 535 forte
1331 479 1420 552 gratis
1438 484 1478 538 eis
1493 485 1645 558 dabantur,
1661 507 1710 547 eos
1722 492 1754 549 in

96 561 146 632 qui
162 560 215 614 sibi
226 576 292 613 euin
309 560 339 613 iii
354 560 480 632 priorem
498 564 527 614 et
537 561 702 618 animarum
719 583 835 620 suarum
849 582 899 639 pa-

94 649 901 724 storeinelegerant,etcujusobedientiie,beatolliigoue

95 736 231 809 episcopo
248 740 405 803 annuente,
417 738 801 813 sesubmiseruiit,dirigente
817 743 901 814 [lOtlll

94 825 225 879 volentes
242 826 396 890 mundum,
414 842 501 897 quem
526 827 714 898 reliquerant,
741 834 769 884 ot
791 847 854 901 quie
871 829 900 883 in

94 913 206 967 mundo
223 916 298 978 sunt,
316 912 424 979 omnia,
439 931 502 985 quae
518 916 826 988 suntconcupiscentia
842 933 902 971 car-

95 1000 150 1067 nis,
178 1001 410 1073 concupiscentia
439 1003 599 1068 oculorum,
629 1008 657 1057 et
679 1005 899 1076 superbiavitae,

95 1088 150 1143 sibi
165 1089 315 1159 subjicere,
328 1090 486 1161 quamdam
503 1090 613 1145 vivendi
628 1108 764 1146 normam
781 1094 848 1148 satis
858 1109 902 1147 ar·

95 1176 185 1231 duam
199 1176 396 1244 instituerunt,
413 1194 500 1248 quam
516 1183 544 1233 et
558 1179 610 1250 ipsi
626 1183 793 1248 tennerunt,
812 1184 902 1251 etpo-

94 1266 179 1320 steris
194 1267 251 1320 suis
266 1267 424 1321 tenendam
439 1267 739 1324 mandaverunth'am
751 1275 903 1325 contraeu-

95 1354 240 1424 perbiam,
258 1371 321 1425 quai
333 1354 446 1409 initium
463 1359 505 1409 est
519 1357 614 1411 omnis
628 1359 748 1429 peccati,
758 1363 787 1413 et
801 1362 903 1414 contra

96 1443 158 1512 ejus
174 1443 330 1497 nefandam
344 1444 485 1511 sobolem,
511 1445 649 1500 invidiam
672 1447 787 1514 scilicet,
809 1447 901 1502 anibi·

94 1529 208 1584 tionem
226 1537 254 1584 et
267 1547 371 1584 vanam
386 1531 520 1602 gloriam,
535 1536 564 1586 et
576 1533 598 1587 si
608 1537 737 1604 quasunt
750 1535 815 1600 alia,
830 1534 903 1588 sece-

96 1620 165 1671 runt
179 1616 232 1671 sibi
246 1621 336 1672 vestes
350 1619 450 1673 breves
463 1624 491 1674 et
505 1625 641 1690 angustas
653 1621 689 1675 de
697 1638 901 1693 grossupuiino

97 1706 175 1773 albo,
192 1705 238 1761 vili
250 1710 278 1760 et
291 1706 365 1772 rudi,
383 1724 504 1779 quaecos
514 1710 745 1780 contemptibiles
769 1711 903 1764 intuenti-

953 563 1092 617 charitate
1106 565 1293 637 recipiebant,
1314 572 1342 622 et
1355 570 1438 640 juxta
1453 572 1637 631 offerentium
1652 580 1754 634 volun·
1802 610 1806 615 ·

952 654 1043 704 tatein
1060 652 1171 720 (diebus
1184 658 1294 723 tamen,
1319 657 1421 728 quibus
1432 660 1473 715 eis
1485 662 1557 717 vesci
1571 663 1684 737 licebat)
1698 666 1755 722 dis·

953 739 1128 795 tribuebant.

988 829 1032 881 39.
1045 827 1178 883 Officium
1196 830 1335 912 divinum,
1352 834 1489 891 diurnum
1514 839 1624 910 pariter
1646 844 1675 895 et
1687 858 1756 898 noa·

951 918 1082 982 turnum,
1099 920 1157 972 tam
1173 919 1201 972 in
1213 921 1341 986 ecclesia,
1357 922 1456 978 diebus
1467 926 1580 981 etheris
1595 927 1758 1000 illisquibus

951 1002 981 1056 in
994 1007 1286 1075 eamconvcniebant,
1296 1027 1383 1081 quam
1392 1014 1544 1083 percellas,
1553 1031 1612 1070 non
1625 1017 1758 1088 perfunc-

951 1091 1034 1157 torie,
1051 1094 1081 1144 ut
1092 1093 1222 1164 quidam,
1236 1096 1286 1150 sed
1301 1097 1597 1167 intentissime,oculis
1611 1103 1756 1160 interram

953 1177 1092 1246 demissis,
1107 1181 1240 1257 cordibus
1248 1199 1313 1237 vero
1327 1184 1356 1238 iii
1372 1187 1475 1241 coeluin
1488 1187 1560 1254 lixis,
1575 1190 1755 1247 devotissime

952 1267 1163 1336 persolvebant.
1184 1270 1288 1324 Tutum
1304 1289 1418 1345 quoque
1442 1292 1537 1337 suuni,
1556 1280 1616 1331 tam
1637 1279 1755 1334 interio-

951 1370 1014 1408 rem
1037 1372 1124 1425 quam
1152 1358 1336 1425 exteriorem,
1366 1361 1516 1416 hominem
1541 1364 1651 1433 babitu,
1677 1382 1755 1433 voce,

952 1444 1040 1507 vultu,
1059 1445 1144 1498 rebus
1159 1445 1280 1500 visibilia
1296 1448 1507 1516 excedentibus,
1531 1453 1632 1521 spretis
1648 1453 1757 1508 cunctis

952 1531 1023 1597 aliis,
1040 1531 1195 1598 intentum,
1207 1534 1266 1588 imo
1280 1535 1396 1589 aslixum
1414 1538 1481 1604 Deo,
1496 1539 1678 1595 exhibebant.
1695 1541 1759 1596 uie-

952 1619 1005 1673 bus
1019 1635 1085 1674 vcro
1101 1621 1258 1676 Dominicis
1273 1626 1301 1676 et
1328 1624 1412 1677 certis
1436 1629 1603 1681 sanctorum
1619 1626 1756 1684 festivita-

952 1707 1027 1761 tibus
1043 1711 1156 1763 tantuin
1172 1711 1357 1782 antiquorum
1369 1714 1557 1768 eremitarum
1568 1733 1660 1785 inore,
1677 1719 1756 1775 neab

97 1793 151 1847 bus
166 1794 323 1849 redderent
344 1797 373 1849 et
387 1796 523 1865 atijcctos,
550 1800 578 1851 et
591 1797 644 1852 illis
670 1798 784 1852 horrori
808 1801 902 1852 essent
915 1801 938 1857 Β
953 1795 1014 1849 aliis
1032 1796 1118 1850 sacris
1144 1798 1288 1868 operibus,
1318 1800 1385 1854 licet
1399 1802 1539 1872 dignitate
1561 1805 1754 1874 inferioribus,

94 1883 201 1955 potius,
214 1900 300 1956 quam
312 1884 380 1956 ipsis
395 1885 509 1939 honori.
528 1886 562 1939 ut
583 1887 711 1956 quamvis
740 1885 901 1940 insordido
952 1878 1173 1954 impedirentur,
1196 1885 1289 1940 missae
1310 1888 1480 1943 sacrificium
1509 1891 1678 1960 offerebant,
1697 1910 1755 1966 quo

94 1971 196 2026 habitu
212 1971 358 2026 interdum
375 1974 508 2043 superbia
524 1975 621 2042 lateat,
650 1975 780 2030 fecerunt
803 1979 901 2029 tamen
952 1986 1054 2025 omnes
1068 1971 1176 2042 pariter
1191 1974 1410 2032 conveniebant.
1428 1977 1462 2030 Et
1473 1977 1542 2047 ipsis
1556 1978 1654 2034 diebus
1667 1980 1696 2034 iii
1709 1997 1755 2036 re·

94 2059 149 2130 ipsi
165 2060 202 2114 ad
219 2077 282 2114 eam
297 2061 522 2132 profugandam,
534 2062 777 2133 quidquidsacere
800 2067 900 2134 potua·
951 2058 1070 2114 tectorio
1082 2059 1166 2114 simul
1176 2061 1212 2115 ad
1223 2061 1311 2116 ritum
1328 2064 1537 2118 monachorum
1552 2067 1754 2124 comedebant.

94 2152 173 2203 runt.
191 2148 298 2204 Contra
310 2150 497 2222 cupiditatem
512 2168 660 2223 vor0,qnae
672 2152 751 2207 radin
768 2151 901 2206 omnium
950 2146 1019 2200 xiiis
1031 2163 1097 2201 vero
1113 2148 1214 2202 diebus
1225 2149 1255 2203 in
1278 2151 1357 2205 cellis
1381 2151 1437 2206 suis
1448 2153 1500 2207 sub
1522 2156 1601 2208 arcto
1630 2154 1755 2226 silentio,

93 2237 239 2291 malorum
253 2237 365 2303 dicitur,
375 2239 650 2311 atavaritiam,quae
664 2240 808 2295 idolorum
818 2239 902 2294 servi·
951 2234 1086 2302 orationi,
1113 2235 1307 2305 meditationi,
1334 2240 1583 2311 contemplationi,
1609 2244 1758 2300 etcaeteris

93 2327 140 2380 tus
149 2329 342 2396 nuncupatur,
352 2328 592 2382 certesierininos
604 2329 686 2400 juxta
700 2328 830 2383 locorum
838 2343 902 2382 suo·
951 2322 1004 2391 piis
1021 2326 1050 2376 et
1061 2323 1170 2378 devotis
1187 2326 1327 2381 exercitiis
1351 2326 1412 2380 siue
1437 2327 1650 2385 intermissione
1674 2347 1756 2387 vaca·

94 2428 161 2466 runi
171 2412 406 2468 fertilitatcmaut
416 2414 595 2469 sterilitatem
604 2415 729 2484 majores
739 2414 901 2469 minoresve
951 2409 1031 2477 bant,
1048 2410 1087 2464 ita
1099 2414 1140 2477 ut,
1157 2412 1205 2466 ubi
1219 2414 1297 2482 prius
1311 2414 1426 2468 inerant
1441 2431 1541 2486 specus
1554 2421 1583 2471 et
1597 2417 1701 2473 cubilia
1713 2418 1756 2474 le·

96 2500 290 2572 praefixerant,
306 2502 345 2555 ita
361 2505 391 2556 ut
405 2508 484 2556 extra
496 2519 554 2569 eos,
571 2503 683 2558 etiamsi
692 2506 769 2558 tutus
776 2503 901 2558 mundus
950 2515 1059 2564 rarum,
1078 2501 1144 2552 tunc
1156 2499 1268 2554 videres
1282 2502 1677 2572 choruscastrorum,cuneos
1692 2523 1757 2577 pro·

95 2589 135 2642 eis
148 2588 310 2657 offerretur,
336 2607 388 2644 nec
403 2592 515 2656 saltem,
532 2595 673 2663 quantum
697 2592 901 2662 poshuinanus
951 2587 1115 2658 puetarum,
1130 2591 1287 2642 conventus
1303 2592 1525 2658 monachorum,
1543 2597 1572 2647 et
1599 2597 1688 2648 coetus
1707 2610 1756 2649 au·

97 2694 238 2749 occupare
251 2682 354 2749 potest,
365 2680 463 2734 liceret
475 2681 631 2750 possidere.
950 2675 1082 2745 gelorurss
1101 2675 1184 2745 (¹02).

131 2768 176 2819 38.
193 2766 309 2820 certum
333 2767 420 2822 etiam
443 2784 609 2834 nnmerum,
633 2784 721 2838 quem
736 2766 900 2839 transgredi
986 2763 1030 2815 40,
1048 2762 1220 2817 llemoratus
1242 2769 1340 2818 autem
1368 2765 1517 2837 episcopus
1541 2772 1655 2823 sanctus
1674 2770 1755 2841 Hugo

94 2852 173 2907 nullo
188 2853 276 2907 modo
292 2854 401 2915 liceret,
412 2853 583 2908 animalibus
599 2857 628 2908 et
641 2853 793 2924 pecoribus
808 2853 900 2924 impo-
951 2864 999 2903 eos
1011 2849 1180 2920 frequenter
1193 2850 1333 2919 visitabat,
1357 2855 1385 2906 et
1409 2856 1440 2906 ut
1454 2853 1527 2909 tilios
1541 2856 1698 2911 tenerrime
1712 2856 1755 2911 di·

95 2945 223 2996 suerunt.
233 2942 368 2996 Etutnon
378 2942 683 3014 esseteisquandoque
694 2941 899 3008 necessarium,
951 2936 1059 3008 ligabat
1068 2954 1075 3004 ;
1085 2953 1251 3008 quosusque
1260 2938 1297 2992 ad
1307 2942 1432 2993 mortain
1441 2945 1558 2996 suamet
1568 2959 1627 2998 non
1640 2947 1754 2999 tantum

96 3029 413 3101 velplusterriequam
441 3029 619 3097 dictumest,
649 3028 819 3100 possessioni
840 3045 899 3083 suoe
951 3039 1009 3091 eos,
1027 3024 1077 3077 sed
1091 3028 1121 3077 et
1135 3024 1183 3095 qui
1198 3025 1239 3078 eis
1260 3025 1363 3079 exinde
1394 3032 1599 3097 successerunt,
1627 3031 1755 3088 conciliis

95 3117 213 3184 addara,
230 3121 280 3172 aut
297 3134 432 3188 pecorum
445 3135 599 3172 numerum
615 3134 732 3189 augere,
746 3116 899 3171 duodecim
950 3127 1066 3183 semper
1078 3110 1157 3177 fovit,
1174 3116 1203 3165 et
1216 3112 1372 3167 beneflciis.
1391 3115 1513 3187 Eratque
1533 3117 1610 3170 inter
1624 3134 1683 3184 eos,
1694 3135 1753 3175 non

94 3207 207 3259 tantum
234 3207 392 3260 monachos
407 3222 472 3260 cum
499 3207 585 3260 tertio
602 3205 714 3260 decimo
731 3205 837 3276 priore,
867 3219 900 3258 ac
949 3203 981 3254 ut
997 3199 1131 3254 domiuus
1144 3203 1193 3254 aut
1208 3200 1367 3273 episcopua,
1390 3202 1439 3257 sed
1456 3205 1486 3257 ut
1498 3204 1590 3259 socius
1617 3209 1647 3260 et
1664 3205 1755 3261 freter

94 3293 236 3347 sexdecim
254 3294 407 3360 conversis
424 3294 578 3366 paucisque
606 3293 802 3360 mercenariis,
820 3293 898 3347 nullo
949 3287 1137 3354 humillimus,
1146 3292 1174 3342 et
1182 3288 1218 3342 ad
1226 3293 1395 3345 cunctorum
1411 3294 1560 3361 tquantum
1574 3292 1671 3366 inipso
1681 3294 1756 3367 arat)

95 3395 210 3451 prorsus
224 3382 418 3454 superaddito,
435 3383 464 3436 iii
476 3382 674 3436 suis’domibus
689 3398 749 3435 esse
760 3384 899 3453 perpetuo
950 3377 1087 3447 obsequia
1105 3377 1312 3446 paratissimus.
1345 3379 1376 3432 ln
1392 3383 1507 3433 tantuin
1523 3383 1621 3435 autem
1635 3381 1755 3438 devotus

96 3469 295 3524 decreverunt.
306 3471 348 3524 nd
362 3470 558 3526 edomandam
568 3473 665 3524 autem
687 3470 780 3524 carnis
794 3485 899 3523 concu-
950 3481 1081 3519 eremum
1099 3465 1251 3531 incolebat,
1267 3470 1373 3520 uteum
1388 3466 1534 3522 interdum
1543 3469 1643 3524 beatus
1659 3471 1754 3525 Bruno

93 3555 315 3627 pisentiana
327 3560 421 3630 legem
436 3558 722 3628 membrorumque
736 3558 900 3628 repugnant
950 3550 1017 3605 inde
1034 3552 1110 3606 exire
1126 3555 1155 3606 et
1168 3553 1204 3606 ad
1217 3569 1281 3606 oves
1295 3571 1358 3608 suas
1370 3555 1465 3609 redire
1489 3557 1686 3655 compelleret.
1701 3559 1753 3658 lte,

95 3645 150 3716 legi
163 3646 527 3719 meiitis,durissemperad
539 3663 657 3700 carnciii
673 3645 769 3700 ciliciis
783 3645 901 3699 uteban·
951 3637 1055 3710 iuquit,
1073 3641 1240 3695 iteadoves
1261 3646 1379 3708 vestras,
1414 3644 1538 3741 et'quod
1565 3661 1605 3743 eis
1634 3646 1755 3745 debetis,

95 3734 151 3787 tur.
169 3732 312 3800 Secunda,
336 3737 438 3805 quarta
461 3738 490 3789 et
502 3739 581 3789 sexta
592 3735 679 3802 scriis,
696 3750 771 3805 pane
787 3736 900 3804 stoque
951 3729 1084 3782 exsolvite
1098 3728 1181 3800 (lua).
1197 3731 1259 3801 lpso
1274 3730 1363 3784 etiam
1380 3731 1545 3829 beatissimo
1561 3748 1694 3806 episcope
1709 3751 1754 3788 iii·
1840 3807 1845 3815 Ι

95 3821 123 3873 et
137 3820 206 3887 sale,
223 3820 446 3892 sicutplacebat,
463 3821 591 3877 contenti
607 3824 699 3876 erant.
710 3821 806 3875 Tertia
820 3836 898 3886 vero,
950 3820 1044 3872 stante
1056 3819 1084 3871 et
1098 3819 1283 3887 procurante,
1296 3818 1490 3872 circumvicini
1501 3834 1612 3917 omnes,
1629 3822 1690 3874 tam
1707 3836 1754 3921 ec:

98 3906 199 3978 quinta
209 3912 238 3962 et
253 3908 378 3964 Sabbato
392 3910 542 3981 legumina
556 3911 599 3964 vel
615 3909 724 3982 aliquid
733 3908 900 3980 liiq'usmodi
950 3904 1084 3959 clesiatici
1095 3922 1182 3977 quam
1193 3904 1340 3959 nobileset
1355 3906 1517 3977 populares,
1537 3906 1666 3961 videntes
1675 3908 1754 3964 beati

94 4000 123 4050 et
137 3997 249 4065 vinum,
260 3998 323 4052 etin
337 3999 408 4053 feria
419 3997 900 4070 quintaetiamcasaumvelaliquid
951 3994 1092 4048 Brunonis
1101 3997 1129 4047 et
1144 3994 1205 4063 ejus
1220 3992 1363 4048 sodalium
1379 3995 1438 4092 tam
1452 3997 1582 4049 sanctam
1590 4011 1623 4050 ac
1634 3999 1694 4050 tam
1703 3997 1754 4096 bo·

99 4085 175 4139 aliud
189 4103 206 4139 a
219 4087 386 4157 coquinario
402 4087 590 4159 recipiebant,
603 4087 833 4143 abomuitaincn
849 4102 899 4139 esu
951 4086 1063 4137 nestain
1079 4098 1111 4136 ac
1126 4082 1259 4137 devotam
1274 4084 1535 4181 conversationem,
1550 4082 1753 4184 dederunteis·

96 4173 226 4227 carnium
234 4178 294 4228 tam
308 4176 369 4228 sani
383 4191 470 4246 quam
488 4176 596 4230 infirmi
611 4181 752 4248 perpetuo
772 4175 899 4228 abstine·
950 4171 1028 4237 dein,
1041 4170 1181 4243 quidquid
1191 4170 1266 4241 juris
1281 4171 1429 4225 habebant
1442 4188 1472 4227 in
1497 4171 1580 4226 dictis
1595 4174 1753 4243 montibus,

94 4258 175 4315 bant.
184 4262 362 4317 Panesatbos
374 4263 642 4336 noncomedebant,
651 4264 799 4318 sedsolum
809 4265 899 4317 tortas
950 4263 979 4314 et
994 4259 1070 4314 intra
1083 4259 1156 4313 lines
1168 4262 1198 4314 et
1210 4257 1316 4314 limites
1336 4259 1419 4314 dietae
1433 4258 1597 4357 solitudinis
1611 4261 1694 4332 (104).
1703 4261 1756 4359 lsti

96 4348 298 4419 (lOl),licetde
308 4350 411 4405 tritico.
429 4351 534 4405 Vinum
546 4368 650 4423 purum
663 4368 812 4423 nunquam
823 4350 900 4406 bibe·
911 4378 938 4436 D
950 4349 1046 4418 itaque
1060 4350 1136 4413 sunt,
1151 4363 1168 4400 o
1192 4346 1259 4401 felix
1285 4346 1444 4414 Carthasia,
1463 4346 1553 4445 primi
1578 4349 1677 4446 Patras
1701 4348 1753 4418 illi,

93 4433 308 4503 bant,sedbene
316 4438 450 4505 dilutum,
467 4439 657 4511 quodvocunt
666 4439 851 4510 limphatum,
871 4440 900 4492 et
949 4433 998 4506 qui
1014 4433 1088 4488 hanc
1103 4437 1213 4488 vastam
1225 4433 1411 4488 solitudinem
1426 4449 1513 4531 primi
1528 4433 1754 4492 inhabitarecoe·

93 4521 146 4577 hoc
159 4523 299 4579 duntaxat
309 4524 338 4578 in
353 4526 476 4597 prandio
488 4528 647 4593 etcoena‚et
660 4526 760 4581 diebus
769 4526 899 4597 illisqui·
949 4524 1064 4592 perant,
1073 4522 1179 4576 etinea
1191 4521 1323 4577 ordinem
1334 4521 1477 4593 bunc,qui
1489 4539 1506 4576 a
1516 4525 1544 4577 te
1557 4540 1666 4622 nomen
1676 4525 1757 4624 velut

92 4608 901 4684 buseoutietcoenaralicebattejuniisterecontinuiset
950 4611 1045 4665 oleum
1069 4610 1174 4682 ubique
1203 4613 1348 4665 terrarum
1371 4609 1493 4665 effusum
1517 4615 1637 4682 accepit,
1665 4628 1753 4684 primi

92 4697 898 4775 prolixisvigiliiscarnemmacerabant.Piscesnunquam
949 4697 1153 4752 fundaverunt.
1167 4697 1216 4752 lsti
1235 4701 1302 4752 sunt
1315 4700 1427 4768 septem
1446 4699 1600 4767 columna,
1617 4716 1689 4772 quas
1701 4699 1753 4756 Sa·

128 4839 202 4908 (100)
221 4840 292 4896 Cum
308 4841 439 4911 Sanctus,
456 4846 614 4925 antequam
625 4843 655 4897 in
672 4842 853 4899 carthusiam
866 4859 896 4926 se
948 4842 977 4923 in
992 4857 1090 4912 opere,
1104 4839 1182 4911 quod
1201 4840 1326 4920 annales
1354 4840 1570 4921 carthusienses
1597 4839 1752 4913 inscripsit,

92 4908 220 4977 abderet,
252 4912 419 4983 aliquandiu
447 4919 605 4980 eremitice,
633 4915 665 4968 ut
692 4918 897 4969 commentarii
947 4912 1125 4967 inhdnotat.
1149 4911 1186 4964 ad
1199 4910 1309 4964 dictum
1337 4925 1401 4982 cap.
1413 4913 1521 4965 tortam
1545 4912 1753 4982 interpretatur

91 4982 188 5104 praevii
204 4998 285 5036 num.
302 4985 354 5038 414
370 4989 399 5038 et
419 4984 528 5056 aliquot
543 5002 623 5057 seqq.
646 4984 740 5051 docui,
755 4985 784 5038 in
799 4984 897 5040 Siccae-
942 4999 1042 5054 punem
1055 4981 1208 5050 subrufum.

112 5055 228 5106 ontanoe
245 5052 397 5108 solitudine
425 5056 535 5122 vixerit,
557 5055 895 5126 dubitandumapparet,
983 5054 1056 5133 (¹9²)
1071 5054 1110 5107 lle
1124 5051 1236 5132 vivendi
1249 5065 1364 5129 norma,
1379 5066 1468 5130 quain
1490 5049 1611 5130 ¹Sanctus
1631 5066 1750 5135 eiusque¹

91 5135 128 5175 an
144 5138 161 5175 a
176 5123 307 5190 sociis,in
320 5125 695 5193 Canthusiameumsecutis,
712 5126 741 5179 in
753 5126 895 5194 Priorem,
946 5124 1013 5179 socii
1026 5141 1055 5176 in
1072 5122 1221 5177 carthusia
1242 5124 1399 5200 tenuerint,
1415 5120 1516 5175 videsis
1545 5125 1751 5178 commentarii

91 5207 158 5246 cum
174 5193 306 5248 nondum
322 5211 388 5248 cuin
402 5196 478 5250 hisce
488 5196 524 5250 ad
539 5196 896 5267 llugonem,Gratianopo-
946 5194 1042 5266 praevii
1055 5209 1135 5247 num.
1150 5194 1203 5246 485
1213 5194 1243 5245 et
1259 5191 1334 5270 binis
1348 5207 1428 5261 seqq.
1577 5260 1583 5271 .
1696 5261 1701 5273 Ι

90 5261 212 5318 titanum
227 5264 404 5336 episcopum,
431 5265 562 5332 venisset,
586 5268 692 5321 electus
709 5283 768 5321 non
798 5267 893 5335 tuerit,
982 5265 1055 5336 (103)
1072 5264 1193 5318 Sanctus
1205 5277 1270 5317 vere
1286 5260 1749 5341 itallugonem,Gratianopolita-

90 5337 231 5389 contraac
242 5335 286 5403 iis,
301 5352 365 5407 quoe
378 5337 423 5390 hic
437 5337 543 5394 scribit.
561 5338 704 5392 Puteanus
717 5337 894 5392 existimasse
945 5352 1016 5389 num
1039 5335 1217 5415 episcopum,
1240 5331 1457 5411 ¹obsequentem
1481 5332 1594 5387 habuit.
1623 5331 1750 5388 Consule

89 5403 213 5459 videtur.
943 5408 1144 5461 commentarii
1160 5418 1256 5473 praevii
1271 5417 1352 5455 num.
1369 5404 1430 5457 502.

124 5477 183 5540 (101
215 5475 465 5531 consuetudinum
483 5478 620 5548 Guigonis
634 5493 698 5549 cap.
716 5480 761 5545 34,
778 5481 897 5534 numa
977 5475 1305 5556 (totillnstrunientum,
1337 5487 1394 5598 quo
1411 5472 1441 5526 id
1454 5471 1495 5527 illi
1508 5472 1651 5555 fecerunt,
1669 5489 1750 5529 coni-

89 5542 164 5600 itah
204 5549 251 5600 et:
267 5545 372 5610 Panis,
399 5551 519 5620 quamvis
552 5549 584 5603 de
612 5550 708 5615 tritico,
739 5554 809 5602 torta
836 5554 892 5614 ests
943 5550 1080 5628 mautarn
1107 5560 1206 5617 praevn
1234 5559 1315 5599 nuni.
1365 5544 1400 5600 03
1430 5547 1460 5599 et
1489 5559 1570 5618 seqq.
1601 5548 1753 5620 integrum

85 5631 188 5692 panem
199 5617 271 5674 enim
291 5617 383 5675 albuin
396 5634 451 5675 non
477 5619 614 5695 facimus:
637 5619 782 5677 ltaaonus
795 5623 893 5677 autem
943 5617 1020 5675 dedi.
