3772 5970
153 308 203 367 lor

575 300 605 357 S.
620 297 794 357 BRUNONIS
814 284 1132 354 CARTHUSIANORUM
1151 293 1384 352 INSTITUTORIS

1761 295 1812 351 {08

145 433 205 492 bile
221 427 369 497 devovisti,
395 427 441 485 oui
453 443 507 483 nec
521 425 641 483 mentiri
662 424 739 493 licet,
761 439 814 481 nee
829 421 954 495 expedit.
965 428 993 488 Α
1006 420 1169 477 obdilatam
1178 420 1226 476 diu
1239 419 1297 475 veti
1304 417 1514 476 exsolutionem
1522 418 1653 493 rigidiori
1663 422 1814 497 magisque

150 525 207 580 Nec
223 521 302 578 enim
315 517 433 594 patitur,
448 535 477 573 se
487 517 593 589 injuste
607 514 733 570 irrideri.
751 535 765 564 »
790 512 957 585 Sequuntur

151 613 240 669 modo
256 610 353 677 verba,
371 625 453 663 num.
472 611 520 662 125
536 607 592 661 huc
607 604 790 674 transcripta,
804 601 956 674 quibus,de

151 719 209 776 qua
222 702 278 769 hic,
295 697 408 755 collatio
422 698 580 767 votumque
600 695 629 749 in
645 695 698 748 hac
716 692 852 747 emissum
868 688 957 746 conti-

150 796 245 857 netur,
259 806 291 845 ac
302 786 417 854 deinde,
432 785 517 839 nullis
531 786 672 855 praetcrea
687 779 878 847 intermediis,
893 779 956 833 haee

151 881 334 938 subduntur:
352 896 366 926 α
382 873 456 939 Quid
473 889 542 944 ergo
558 873 698 942 superest,
711 867 889 936 charissime,
903 866 956 922 nisi

152 960 593 1026 alantidebitinexibustccitius
612 959 756 1031 expedire,
770 975 806 1012 ne
827 973 879 1029 pro
893 960 956 1012 tam

152 1058 232 1133 gravi
248 1059 366 1126 tamque
382 1051 518 1106 diuturno
535 1049 679 1104 mendacii
691 1047 811 1102 crimine
827 1046 901 1101 iram
911 1045 956 1101 in-

151 1163 249 1204 curras
262 1140 465 1207 Poteutissimi‚
484 1140 513 1193 et
531 1141 649 1210 propter
662 1139 717 1192 hoe
737 1136 877 1190 cruciatus
900 1135 955 1189 im-

151 1252 261 1294 manes.
289 1231 356 1296 Quis
380 1245 507 1300 namque
532 1227 657 1281 inultum
681 1225 868 1297 relinqueret,
888 1239 956 1278 sea

151 1323 282 1399 quolibet
294 1319 346 1375 sibi
361 1317 475 1373 subdito
492 1314 657 1370 defraudari
671 1331 792 1368 munere
800 1313 955 1386 premisso,

151 1413 278 1471 maxime
294 1409 316 1464 si
331 1409 361 1463 id
377 1422 492 1477 magnae
502 1406 578 1459 foret
589 1404 955 1474 sibiaestimationisetpre·

149 1503 192 1559 tii.
209 1499 391 1572 Quapropter
405 1495 484 1562 cede,
496 1510 556 1549 nen
567 1493 648 1562 mihi,
658 1494 709 1549 sed
723 1494 882 1566 prophete,
895 1493 955 1548 iuro

151 1589 278 1666 Spiritui,
297 1588 402 1644 Sancto
418 1583 534 1650 dicenti,
549 1605 564 1634 «
579 1586 678 1638 vovete
692 1586 721 1638 et
739 1582 852 1637 reddite
871 1601 887 1634 «
899 1584 955 1637 Do·

152 1703 168 1734 «
183 1681 275 1746 mino,
291 1679 350 1732 Deo
365 1676 470 1742 vestre,
494 1689 607 1739 omnes,
638 1671 686 1744 qui
715 1671 745 1726 in
765 1670 884 1726 circuitu
896 1671 956 1741 ejus

1006 508 1814 581 austerevitaegenerediviniebonitati,quamhincotien·

1005 615 1067 654 sam
1080 597 1598 671 putarit,satisiacerevolueritQuare
1612 599 1811 655 necnovolor-

1005 688 1140 760 fierique,
1156 685 1490 760 qnamessetvotiemissi
1500 686 1613 759 religio,
1625 685 1746 743 Sanctus
1757 705 1811 744 no-

1006 779 1075 844 ster,
1091 776 1162 831 utin
1176 775 1330 831 Carthasim
1347 777 1597 842 eremum,smcolo
1608 775 1720 844 relicto,
1732 794 1811 832 sace·

1007 865 1289 934 deret,incitamento
1301 864 1456 936 iudiguisse
1464 864 1586 920 videtur.
1601 865 1707 920 Verum
1724 865 1812 921 etsiid

1005 957 1046 1011 ita
1059 956 1104 1023 sit,
1119 955 1289 1028 neutiquam
1301 958 1399 1009 tamon
1415 971 1593 1027 consequens
1608 959 1661 1023 est,
1676 958 1706 1011 ut
1716 955 1811 1026 reipsa

1006 1044 1190 1100 ademissum
1205 1043 1366 1099 monachici
1391 1043 1504 1098 habitus
1529 1044 1693 1099 assumendi
1711 1047 1811 1100 votum

1005 1133 1109 1188 fortior
1140 1133 1352 1204 efficaciorque,
1371 1148 1427 1204 quo
1444 1131 1564 1187 tandem
1591 1133 1621 1186 in
1653 1132 1810 1188 Carthasim

1006 1239 1136 1278 eremum
1154 1221 1356 1295 pulsusfueril,
1371 1221 1503 1277 stimulus
1518 1238 1577 1277 nen
1594 1223 1811 1277 accesseritht-

1006 1328 1061 1384 qne
1072 1311 1101 1365 id
1113 1311 1231 1383 quidem
1242 1310 1389 1365 horrcndo
1397 1311 1577 1365 celeberrimi
1585 1311 1809 1366 Parisiensisdo-

1005 1399 1101 1466 ctoris,
1110 1399 1168 1471 qui,
1182 1399 1218 1454 ad
1232 1402 1346 1471 tempus
1357 1399 1507 1465 redivivus,
1523 1416 1584 1453 sese
1600 1399 1811 1472 adivinajusti-

1005 1488 1046 1542 tia
1059 1488 1243 1555 damnatum,
1259 1489 1288 1541 et
1303 1488 1410 1543 feretro
1424 1488 1622 1559 proclamarit,
1646 1489 1809 1560 spectaculo

1004 1578 1114 1633 factum
1130 1577 1281 1632 traditura
1294 1578 1457 1646 nonnuilis3
1470 1578 1573 1649 quihus
1583 1578 1705 1650 proinde
1714 1595 1752 1633 an
1765 1595 1810 1634 as-

1006 1668 1189 1722 sentiendum
1206 1671 1284 1722 certo
1300 1666 1346 1734 sit,
1356 1666 1656 1739 nuncindagandum3
1672 1671 1810 1723 utautern

153 1792 168 1821 a
184 1766 291 1824 affertis
308 1778 442 1830 munera,
459 1760 580 1816 terribili
606 1763 635 1816 et
650 1760 687 1829 ei,
704 1760 753 1831 qui
764 1759 859 1814 aufert
873 1759 955 1831 spiri·
970 1749 1079 1812 Bhanc
1096 1772 1155 1811 uon
1170 1756 1248 1828 parvi
1265 1756 1408 1811 momenti
1424 1773 1499 1825 rem,
1522 1773 1586 1828 quae
1606 1757 1702 1812 sarculi
1717 1757 1812 1828 proxi-

153 1878 167 1908 «
181 1859 245 1911 tum
256 1851 431 1925 principum,
448 1846 568 1903 terribili
584 1847 661 1920 apud
671 1863 754 1919 reges
768 1851 882 1902 terrm.»
901 1846 956 1902 Cur

150 1939 323 1999 haecomnia
337 1937 461 1993 inculcat
474 1935 596 2008 Spiritus
611 1935 672 2002 oei,
689 1935 743 1989 nisi
756 1937 789 1989 ut
807 1938 835 1989 te
850 1950 955 1990 voven·

148 2035 210 2089 tom
226 2029 382 2101 perurgeat
391 2025 514 2081 reddere
526 2022 605 2096 quod
617 2023 737 2079 vovisti?
751 2042 768 2076 s

188 2119 249 2174 liii.
262 2113 513 2185 HioRadulphnm,
531 2128 567 2167 ne
573 2115 692 2184 propter
700 2109 821 2178 divitias,
830 2110 954 2182 dignita·

150 2210 204 2275 tes,
219 2200 604 2273 etmaximearchiepiscepi,
622 2199 955 2272 quapollebat,gratiam

152 2317 167 2348 a
183 2312 200 2351 a
213 2298 276 2350 tam
292 2290 407 2347 sublimi
423 2289 547 2346 declinet
561 2287 757 2361 sponsionefet
772 2287 954 2343 divinarevo-

152 2385 233 2440 cetur
248 2380 399 2447 charitate,
410 2401 425 2428 »
435 2375 603 2452 gravissime
612 2378 723 2444 monet,
731 2376 875 2431 acdeinde
891 2378 956 2447 post

149 2488 241 2548 pauca
249 2469 397 2543 subjungit
411 2484 418 2523 :
437 2466 574 2522 «Utinam
584 2482 642 2522 non
658 2465 955 2538 aspernerisamicum

149 2558 331 2620 monenteml
339 2556 612 2613 utinamnonsurda
619 2571 687 2611 aure
694 2555 793 2611 audias
800 2556 887 2610 verba
895 2554 956 2627 Spi-

147 2650 276 2708 ritusDei
288 2648 296 2704 l
316 2648 429 2704 utinam
435 2645 576 2701 desiderio
584 2646 737 2717 longaque
748 2643 953 2716 exspectationi

146 2757 220 2798 meae
235 2737 401 2805 satisfacias,
419 2735 602 2791 dilectissime
613 2751 620 2802 ;
633 2751 669 2789 ne
693 2733 798 2789 diutius
811 2733 953 2789 crucietur

147 2845 200 2904 pre
216 2831 244 2883 te
259 2827 358 2882 anima
372 2841 438 2880 mea
450 2824 525 2878 curis
550 2822 847 2895 sollicitudinibusque
865 2826 951 2895 atque

145 2918 251 2974 timore
263 2915 269 2970 l
283 2914 385 2971 Namsi
400 2912 683 2984 venerithoodlleos
698 2910 827 2983 avertatll
837 2911 952 2984 teprius

146 3023 233 3081 quam
247 3004 336 3060 debiti
351 3006 451 3059 votum
466 3001 594 3069 solveris,
611 3001 647 3056 ab
662 3001 716 3056 hac
730 3001 867 3056 recedere
881 3000 949 3067 vita,

145 3112 193 3153 ma
207 3094 345 3151 continua
353 3091 470 3149 tristitia
488 3090 549 3146 sine
565 3091 661 3163 aliqua
679 3090 740 3162 spei
755 3072 987 3147 consolationeC
1002 3093 1016 3162 5
1032 3092 1062 3146 li.
1074 3092 1122 3146 Ao
1146 3092 1265 3149 doctoris
1284 3092 1448 3147 Parisiensis
1471 3097 1612 3156 ooostosis,
1638 3110 1691 3164 quo
1714 3090 1812 3147 Brona

144 3186 342 3241 tabescentem
370 3181 526 3252 relinques.
542 3199 559 3232 v>
587 3181 625 3234 Ac
652 3180 772 3235 tandem
795 3181 847 3234 sub
861 3181 952 3235 finem

145 3274 274 3346 epistolas
294 3271 397 3327 addit:
417 3292 431 3321 u
447 3269 669 3324 Fraternitatem
684 3272 765 3323 tuam
781 3269 830 3324 diu
843 3269 952 3324 incolu-

146 3378 214 3418 men
232 3375 396 3416 memorem
411 3357 521 3413 consilii
537 3358 639 3426 nostri,
655 3374 708 3413 nec
721 3359 779 3413 voti
794 3359 951 3414 immemo-

144 3466 208 3506 rem
225 3449 332 3520 vigere,
349 3447 465 3502 sedulus
477 3448 610 3516 exopto.»
624 3446 688 3500 llaec
699 3448 766 3501 sunt
780 3446 952 3502 incitamen-

144 3539 186 3607 ta,
201 3537 231 3592 bi
241 3535 360 3603 stimuli,
375 3551 393 3590 a
409 3534 553 3601 Brunone,
568 3550 625 3606 quo
641 3533 825 3604 hadulphum
841 3536 878 3591 ad
893 3535 951 3591 veti

146 3624 224 3699 quod
247 3625 277 3680 iu
293 3622 448 3680 collatione
464 3638 529 3677 eum
544 3638 578 3677 eo
593 3622 692 3677 habita
708 3622 854 3692 emiserat,
880 3625 955 3679 selu·

145 3713 257 3770 tionem
283 3712 485 3784 pertraheret*
499 3709 626 3766 studiose
655 3727 723 3766 sane
753 3728 785 3767 ac
814 3712 954 3769 industrie

148 3800 280 3869 adhibiti,
292 3801 396 3874 quibus
409 3799 534 3871 maq'ores
559 3799 751 3873 acrioresque,
768 3805 799 3856 ut
817 3801 895 3856 idem
908 3818 955 3857 ve·

148 3894 211 3947 tum
230 3891 397 3959 exsolveret,
414 3889 552 3944 Sanctum
568 3893 711 3957 nostrum,
728 3889 772 3945 cui
787 3891 906 3946 indubie
921 3890 954 3945 il-

148 3980 203 4035 lius
216 3976 378 4033 identidem
392 3975 560 4031 recurrebat
573 3977 727 4044 memoria,
739 3993 810 4048 opus
823 3977 955 4034 habuisse

150 4065 213 4140 quis
226 4063 340 4120 edicat?
353 4064 448 4118 Bruno
464 4063 561 4136 itaque
571 4062 694 4132 fortiori,
711 4080 797 4136 qnam
813 4065 957 4139 quodvoti

151 4153 266 4210 emissio
283 4154 405 4224 ortaque
420 4151 488 4207 hine
517 4151 657 4224 obligatio
680 4152 829 4222 afferebat,
858 4155 958 4211 incita·

152 4246 264 4313 mente,
280 4245 312 4297 ut
327 4241 504 4298 monachum
519 4238 768 4315 indueret,sicque
781 4247 880 4300 votum
893 4261 957 4301 mo·

1006 1861 1054 1900 me
1077 1845 1166 1915 elapsi
1193 1845 1373 1914 eruditorum
1405 1845 1530 1916 plurium
1553 1845 1671 1917 ingenia
1686 1847 1813 1902 calamo·

1005 1950 1075 2005 sque
1085 1933 1220 2002 exercuit,
1238 1937 1303 2005 apte
1317 1934 1479 2001 discutiam,
1496 1939 1590 1990 toturn
1612 1935 1647 1990 de
1660 1951 1704 2001 ea,
1721 1938 1755 1989 ut
1768 1934 1811 1990 di-

1004 2023 1107 2078 stincte
1116 2023 1209 2094 magis
1225 2023 1413 2095 ordinateque
1428 2024 1596 2094 procedam,
1610 2027 1769 2079 tractatum
1780 2024 1811 2081 in

1006 2112 1131 2168 diverses
1143 2112 1277 2167 articulos
1287 2128 1336 2166 sou
1352 2115 1382 2181 ἐξ
1405 2112 1568 2185 dispertiar,
1585 2130 1637 2167 nec
1653 2130 1730 2180 raro,
1746 2131 1811 2186 quae

1005 2199 1172 2257 disserenda
1185 2200 1311 2267 venient,
1327 2201 1470 2273 ipsismet,
1486 2218 1552 2256 cum
1570 2202 1724 2257 commode
1747 2202 1812 2258 lieri

1004 2289 1034 2344 id
1049 2288 1166 2361 poterit,
1199 2289 1380 2345 Carthasiani
1410 2289 1559 2362 anonymi,
1587 2289 1635 2362 qui
1654 2291 1812 2346 Annalium

1005 2379 1115 2435 ordinis
1130 2379 1171 2434 sui
1185 2379 1292 2434 librum
1304 2384 1441 2450 quartum
1453 2380 1812 2453 haetenusnonvulgatum

1005 2469 1162 2536 contexuit,
1179 2468 1273 2523 verbis
1289 2469 1462 2542 exprimam,
1477 2471 1538 2523 tum
1556 2471 1588 2522 ut
1603 2469 1697 2541 operis
1714 2471 1811 2542 hujus,

1004 2558 1084 2629 cujus
1098 2557 1240 2613 desiderio
1255 2574 1313 2612 non
1329 2558 1479 2612 neminem
1500 2557 1593 2612 teneri
1605 2559 1814 2631 intelligoepe·

1004 2646 1112 2702 cimina
1129 2646 1263 2718 quaedam
1288 2645 1450 2714 exhibeam,
1475 2650 1538 2702 tum
1554 2665 1590 2702 ne
1606 2647 1681 2702 forte
1697 2664 1822 2718 eorum„

1003 2752 1067 2808 quae
1082 2736 1119 2790 ad
1132 2735 1257 2790 doctoris
1271 2734 1437 2790 Parisiensis
1452 2736 1608 2790 anastasim
1629 2737 1812 2807 probandam

1001 2825 1031 2880 in
1045 2825 1093 2880 illo
1109 2825 1278 2893 afferuntur,
1289 2825 1446 2897 magnique
1458 2825 1519 2879 fieri
1534 2825 1676 2896 intelligo,
1690 2825 1747 2882 virn
1756 2825 1813 2882 im·

1001 2913 1137 2970 minuisse
1147 2915 1301 2970 existimer.
1315 2915 1358 2968 Ab
1370 2913 1414 2981 iis,
1424 2931 1488 2986 quae
1502 2914 1612 2970 saeculis
1627 2913 1701 2970 binis
1714 2914 1813 2987 proxi-

1001 3021 1048 3059 me
1061 3005 1162 3077 elapsis
1179 3006 1234 3059 huc
1250 3004 1384 3059 facientia
1399 3004 1774 3072 evenere,ducocxordium.

1037 3184 1122 3252 feeerit
1134 3199 1284 3245 conomius,
1297 3181 1611 3253 secoloproeteritoqood
1619 3199 1671 3253 pro
1678 3181 1750 3253 solra
1760 3183 1812 3237 bo·

1039 3272 1156 3335 beretor,
1168 3288 1181 3325 e
1192 3269 1335 3325 Breviorio
1345 3270 1466 3326 Romane
1481 3271 1714 3342 scemmenstete,
1726 3279 1751 3325 et
1760 3273 1810 3344 qui

1037 3362 1107 3415 benc
1117 3360 1159 3414 eel
1173 3367 1246 3423 tiene,
1256 3360 1298 3415 oei
1309 3368 1371 3415 oute
1384 3361 1507 3415 arrodere
1517 3362 1638 3431 primum
1653 3363 1811 3433 inceperint,

1038 3449 1124 3521 etqui
1138 3448 1208 3504 hisce
1226 3456 1319 3503 contro
1329 3466 1382 3503 sese
1401 3451 1581 3520 opposuerint.

1033 3535 1815 3593 SecessuiS.BrunonisinCarthosiaecremumseneau·

1004 3642 1066 3681 sam
1078 3642 1128 3680 seu
1146 3625 1326 3680 occasionem
1337 3625 1490 3696 praebuisse
1503 3625 1627 3680 doctoris
1634 3625 1812 3694 Parisiensis,

1005 3715 1145 3787 quisnam
1156 3714 1586 3787 propriooredamnationeme
1601 3715 1708 3770 feretro
1716 3718 1812 3770 astan-

1004 3803 1274 3869 tibusdenouliarit‚
1284 3803 1527 3857 luctuosissimam
1539 3803 1618 3858 illam
1640 3820 1673 3858 ac
1698 3803 1812 3858 notissi-

1005 3908 1085 3948 mam
1110 3890 1271 3958 historiam,
1288 3892 1456 3963 longissimo
1470 3909 1538 3946 sane
1558 3909 1702 3947 annorum
1719 3892 1812 3963 spatio

1006 3979 1147 4034 creditum
1165 3980 1229 4050 jam
1251 3980 1355 4048 suerat,
1380 3997 1446 4036 corn
1472 3981 1590 4035 tandem
1615 3981 1724 4036 saeculis
1739 3981 1815 4037 binis

1005 4068 1137 4140 proxime
1157 4068 1260 4139 elapsis
1286 4069 1393 4124 inventi
1410 4070 1545 4142 sunt,qui
1557 4070 1638 4125 illam
1656 4070 1744 4124 autin
1761 4070 1814 4125 du-

1006 4156 1087 4212 bium
1103 4171 1248 4224 revocare,
1266 4160 1315 4211 aut
1333 4158 1421 4212 etiam
1440 4157 1606 4230 conquisitis
1621 4159 1814 4231 undecunque

1009 4247 1188 4317 argumentis
1202 4245 1448 4319 impugnaresunt
1464 4247 1534 4302 ausi.
1549 4250 1588 4301 Ac
1601 4247 1743 4319 «primus»
1753 4248 1814 4320 qui·

152 4331 265 4388 nachioi
280 4331 395 4386 habitus
410 4328 574 4385 assumendi
594 4331 761 4400 exsolveret,
789 4333 958 4406 neutiquam
970 4330 996 4389 D
1009 4334 1431 4408 dem,quodsciamus,quieam
1441 4336 1815 4408 lipsasuntsuppeditataab

152 4419 288 4493 indiguit.
304 4419 412 4474 Verum
424 4435 461 4473 au
474 4418 551 4474 idem
565 4417 653 4474 etiam
670 4419 705 4475 de
721 4437 796 4477 nova
810 4422 959 4495 magisque

154 4510 278 4575 austera,
296 4523 383 4579 quarn
396 4507 425 4562 in
437 4507 585 4563 Carthasia
600 4525 632 4563 ao
646 4509 750 4565 deinde
775 4511 806 4565 in
831 4513 961 4567 Calabria

155 4597 259 4665 tenuit,
270 4597 335 4652 vitae
347 4596 612 4653 normadicendum
627 4599 642 4654 l

195 4684 960 4761 titatiumSanctus,utiinfradocebealiquantetem-

157 4773 963 4850 porisspatio,antequaminCarthusiaeeremnmsecede-

158 4867 204 4920 ret
214 4863 244 4919 in
262 4862 350 4919 Siccae
372 4861 501 4917 fontanae
519 4861 633 4917 deserto
656 4866 832 4921 monachum
847 4883 907 4937 seu,
939 4868 963 4925 si

159 4953 259 5021 mavis,
277 4951 431 5008 eremitam
444 4950 646 5006 verosimiliter
660 4953 763 5024 egerit,
777 4955 841 5010 lieri
856 4961 961 5027 potest,

162 5044 194 5097 ut
207 5040 400 5113 ibi‚concepte
412 5038 553 5111 paulatim
563 5039 668 5111 majori
679 5041 767 5096 divini
776 5044 883 5099 amoris
893 5052 963 5103 aestu

160 5132 301 5200 auctoque
311 5125 561 5198 hincpoeniteutiae
577 5128 697 5198 agenda
713 5128 863 5201 desiderio,
875 5134 964 5191 vitam

161 5216 255 5288 magis
261 5219 407 5271 austeram
421 5216 627 5272 ducturuscum
637 5215 709 5284 aliis,
721 5217 964 5289 quibuscamdem

161 5305 341 5360 veluntatem
358 5304 568 5376 inspiceretis
584 5303 739 5360 carthusiae
760 5323 891 5383 eremum
904 5326 965 5365 sese

128 5406 135 5417 ·
162 5392 313 5463 receperit.
336 5391 410 5447 Fieri
427 5394 514 5448 etiam
530 5395 635 5465 potest,
652 5396 683 5449 ut
699 5411 733 5450 eo
747 5397 812 5465 pest
828 5397 965 5455 emissum

162 5477 277 5534 habitus
292 5480 455 5536 monachici
469 5482 634 5538 assumendi
647 5486 757 5552 votum,
780 5485 858 5541 nulla
880 5489 966 5560 plane

166 5563 225 5624 alio
242 5567 398 5628 accedente
411 5584 506 5641 cauea,
522 5587 584 5630 seso
597 5570 703 5632 idcirco
714 5573 878 5646 contulerit,
890 5576 968 5650 quod

1009 4425 1164 4478 Annalium
1186 4423 1428 4479 Carthnsieusium
1440 4425 1504 4480 libri
1515 4425 1608 4497 quarti
1617 4429 1734 4480 auctore
1743 4441 1816 4480 auo·

1011 4529 1100 4585 nymo
1113 4512 1209 4585 verba)
1226 4512 1382 4568 indubium
1391 4514 1817 4585 coeperitrevocare,luitRena·

1010 4606 1056 4657 tus
1067 4602 1234 4657 benedictus
1245 4602 1315 4673 (imo
1335 4603 1534 4671 verosimilius,
1551 4603 1593 4657 uti
1603 4603 1680 4657 inira
1694 4603 1815 4669 docebo,

1012 4691 1136 4746 secundo
1152 4691 1335 4745 tantumloco
1345 4707 1410 4745 mox
1420 4690 1666 4745 lricnominandos
1680 4691 1817 4762 Papyrius

1011 4780 1165 4843 blassenus)
1192 4779 1235 4833 rel
1261 4778 1342 4847 alius,
1360 4778 1406 4851 qui
1424 4779 1485 4850 ejus
1510 4769 1629 4834 nomine
1650 4779 1818 4851 legendam

1013 4865 1304 4934 Sanctorum,Galliea
1314 4868 1545 4934 vestedonatam,
1560 4868 1634 4922 circa
1646 4868 1735 4938 elapsi
1750 4884 1817 4940 pro·

1012 4955 1087 5010 xime
1099 4954 1195 5009 saeculi
1208 4971 1341 5009 occasum
1358 4954 1396 5025 ,id
1410 4960 1462 5021 est,
1479 4972 1545 5010 cum
1561 4956 1622 5010 haec
1634 4957 1738 5010 seculo
1747 4973 1820 5027 praa-

1013 5044 1098 5100 terito
1115 5044 1220 5115 scripta
1239 5044 1306 5110 sint,
1334 5048 1401 5099 ante
1417 5060 1527 5100 nauum
1550 5046 1625 5115 loeo)
1653 5044 1818 5117 publicavit,

1015 5133 1064 5205 qui
1079 5132 1108 5187 in
1119 5133 1183 5188 Vita
1196 5133 1286 5188 sancti
1295 5133 1436 5187 Brunonis
1446 5133 1482 5188 od
1495 5133 1659 5204 marginem
1673 5133 1820 5205 cregiono

1014 5220 1089 5277 illius
1118 5221 1291 5277 narrationis
1326 5221 1464 5293 ascripsit,
1510 5244 1523 5271 a
1553 5221 1714 5292 Gnigenexn
1748 5221 1820 5276 nihil

1016 5332 1031 5362 a
1047 5311 1189 5381 ejusmodi
1215 5312 1322 5366 habere
1341 5311 1370 5365 in
1385 5311 1448 5364 Vita
1463 5309 1552 5364 sancti
1566 5309 1692 5380 llugonis
1710 5309 1820 5381 episco-

1017 5399 1083 5472 «pi,
1097 5419 1112 5452 »
1137 5403 1166 5455 et
1178 5399 1305 5471 insuper,
1333 5422 1347 5450 a
1366 5400 1483 5455 clericos
1502 5399 1666 5453 Parisiensis
1695 5399 1821 5454 ecelesiae

1016 5489 1090 5544 nhis
1117 5488 1268 5561 refragari.
1295 5511 1311 5542 a
1328 5488 1411 5544 Unde
1437 5488 1587 5556 sentimus,
1615 5488 1681 5543 huic
1695 5487 1823 5544 historiae

1016 5594 1167 5654 nunquam
1181 5594 1360 5654 quemquem
1369 5577 1594 5653 refragaturum,
1617 5576 1641 5634 si
1653 5578 1689 5636 de
1704 5577 1822 5636 canoni·
