3772 5976
104 289 157 342 Μ
898 272 988 330 nem
1713 293 1766 351 258

105 409 215 467 etduoa
230 408 402 482 Stephanos,
413 406 771 482 Burgensemetllienaem
783 401 951 463 :iiomboA
963 400 1037 472 pler,
1061 401 1095 458 iis
1115 403 1257 476 adjunctis
1281 410 1410 478 auctum,
1440 426 1514 482 quae,
1530 411 1580 483 qui
1607 412 1657 470 illa
1670 415 1767 476 eidem

108 499 186 556 Beati
202 497 405 554 concanonici
417 498 534 553 luerunt
548 515 555 566 3
567 497 618 552 sed
627 495 769 552 desiderio
779 491 914 550 solitariis
964 490 1078 562 adjecit,
1106 494 1230 565 scriptor
1256 496 1402 552 recentior
1421 499 1594 554 verosimilia
1615 501 1768 562 arbitratus

107 586 227 654 nitescis
233 586 337 642 abbate
349 603 450 643 eorum
458 586 646 649 favente,sese
657 584 682 640 ei
694 583 913 655 conjunxerant;
965 582 1018 641 est,
1027 596 1080 635 nec
1088 584 1198 647 tamen,
1214 587 1356 653 quantum
1365 585 1477 657 opinor,
1488 585 1519 640 in
1535 592 1651 647 auctore
1664 610 1767 652 monu-

106 675 376 748 Hugonemquoque
384 671 915 748 quemcognominabantCapellanum
966 672 1099 724 mentove
1110 670 1255 726 vetustiori
1266 671 1385 728 invenit.

107 780 142 820 eo
157 763 236 836 quod
249 765 324 818 solus
348 780 383 819 ex
402 764 435 818 iis
456 762 616 819 sacerdotio
639 762 820 833 fungeretur,
844 758 916 813 duos
1000 757 1063 812 425.
1079 759 1121 812 lta
1135 760 1178 813 vel
1192 759 1297 815 idcirco
1313 764 1454 833 quantum
1467 764 1504 819 ad
1518 764 1572 821 hoc
1590 771 1769 838 postremum

106 854 206 908 autem
219 851 316 918 laicos,
334 868 405 924 quos
420 851 568 923 appellant
581 866 746 917 conversos,
764 848 915 903 Andream
966 847 1095 914 autumo,
1105 848 1182 919 quod
1194 850 1256 903 tum
1264 850 1540 923 primum,cumjam
1552 854 1771 933 Brunoejusque

106 940 428 995 scilicetetGuarinum.
451 939 733 1003 Querebantautem
746 938 842 992 locum
856 951 916 990 ere·
965 951 1013 989 sex
1030 936 1099 990 socii
1120 937 1222 992 urbem
1241 938 1541 1011 Gratianopolilnnam
1549 943 1772 1017 ingrederentur

108 1028 215 1084 miticae
227 1028 293 1084 vitre
306 1045 468 1100 congruum
478 1027 639 1084 etnecdum
652 1021 917 1100 repererantzvigi-
966 1020 1104 1077 visionem
1135 1022 1163 1078 S.
1186 1025 1310 1096 llugoni,
1333 1026 1598 1100 Gratianopolitnno
1625 1032 1770 1105 episcopo,

108 1118 187 1174 lente
198 1119 296 1172 autem
304 1116 582 1189 praedictoepiscopo
598 1119 627 1170 et
636 1116 672 1170 dc
688 1115 794 1170 visione
804 1115 915 1184 septem
967 1111 1096 1166 oblatam
1113 1110 1198 1166 luisse
1209 1112 1325 1181 scribat
1344 1112 1429 1187 idque
1440 1133 1506 1172 cum
1527 1121 1693 1177 narratione
1710 1122 1774 1179 Gui-

107 1207 258 1261 stellarum
273 1204 383 1278 (quae'
360 1222 386 1261 ei
401 1205 508 1260 scilicet
521 1205 606 1276 paulo
622 1206 689 1260 ante
699 1204 794 1259 iuerat
809 1198 915 1273 oblata)
967 1198 1051 1298 gonis
1066 1215 1125 1254 non
1145 1199 1211 1254 satis
1225 1202 1386 1257 conveniat.
1404 1204 1477 1260 lllud
1492 1205 1571 1281 enirn
1578 1207 1664 1264 hicS.
1680 1210 1774 1284 liugo-

108 1294 267 1367 eogitante,
284 1294 389 1349 adsunt
403 1309 464 1364 proe
466 1292 519 1348 fati
535 1296 648 1365 septem
663 1292 725 1361 viri,
739 1290 846 1347 scilicet
857 1305 918 1345 ma·
968 1287 1012 1343 nis
1026 1287 1210 1361 biographus,
1222 1307 1280 1345 non
1293 1306 1356 1375 per,
1369 1293 1429 1361 sed,
1442 1293 1630 1353 coronidem
1641 1300 1771 1371 tempus»

110 1381 202 1456 gister
216 1383 311 1438 Bruno
327 1398 394 1437 cum
408 1398 457 1437 sex
471 1380 598 1452 praefatis
618 1380 700 1436 sociis
720 1380 787 1435 suis.
806 1379 917 1435 Caden·
968 1394 1025 1448 qua
1040 1378 1174 1433 Bruno
1151 1395 1268 1451 eJusque
1290 1380 1358 1435 socii
1373 1381 1601 1458 Gratianopolim
1621 1394 1773 1462 venerunt,

112 1470 188 1525 tibus
204 1469 334 1525 autem
316 1487 350 1525 us
361 1472 473 1543 septem
487 1472 555 1524 ante
571 1469 659 1543 pedes
675 1468 767 1523 sancti
783 1484 846 1534 vrri
850 1482 918 1522 con
968 1465 1076 1520 facturn
1093 1468 1199 1539 prodit,
1222 1472 1252 1523 ut
1266 1468 1399 1540 proinde
1421 1477 1549 1570 spectata
1567 1476 1703 1550 Guigonis
1723 1498 1774 1538 ou-

111 1557 252 1614 ferebat
245 1574 305 1630 ipse
320 1561 401 1613 sanct
403 1575 435 1612 us
458 1557 501 1612 vir
526 1556 556 1611 in
583 1558 669 1612 corde
692 1572 742 1611 suo
759 1556 794 1611 de
808 1557 919 1628 septem
970 1554 1112 1622 ctoritate,
1127 1555 1224 1611 oblata
1239 1555 1268 1612 S
1279 1558 1432 1631 Hugoni
1408 1561 1477 1616 visio
1499 1563 1628 1635 aliquant
1629 1582 1647 1621 o
1661 1570 1775 1642 tempo-

112 1646 287 1719 stcllisquas
311 1647 341 1701 in
365 1645 474 1701 visione
495 1645 627 1700 videret·
622 1645 698 1717 ,qui
724 1661 773 1700 eos
795 1642 920 1715 benigne
969 1641 1008 1697 ris
1023 1642 1115 1713 spatio
1135 1643 1258 1697 sancti
1251 1662 1281 1699 rn
1294 1647 1395 1701 urbem
1409 1647 1737 1722 Gratianopolitanam
1729 1674 1774 1712 in·

114 1735 219 1790 levavit
233 1735 269 1790 ad
279 1751 356 1808 pacis
374 1735 514 1800 osculum,
530 1736 560 1789 et
574 1732 710 1805 inquisita
723 1736 752 1788 et
767 1732 921 1803 diligenter
935 1731 1101 1801 Egressum
1129 1733 1315 1802 praecesseflt·
1340 1734 1525 1793 Recentiffies
1559 1740 1650 1796 Sflssctl
1684 1743 1777 1800 ¹¹⁰⁸tf¹

114 1823 272 1890 intellecta,
299 1840 356 1896 qua
389 1822 424 1876 de
452 1839 546 1889 causa,
576 1822 730 1889 venissent,
760 1821 831 1876 dixit
857 1819 919 1874 eis:
969 1819 1132 1892 biographi,
1149 1823 1293 1878 Puteanus
1308 1823 1677 1894 videlicet,Blomenvenna
1692 1831 1778 1888 etSu-

115 1910 180 1966 Scio
191 1911 287 1967 locum
300 1913 437 1977 vestrum,
453 1913 542 1965 alteo
558 1909 788 1981 vobisparatum,
802 1911 832 1963 et
842 1906 923 1963 duxit
971 1908 1039 1975 rius,
1054 1909 1102 1981 qui
1116 1910 1199 1965 variis
1214 1912 1365 1983 emunctis,
1393 1931 1445 1968 nec
1468 1931 1485 1968 a
1505 1915 1644 1989 Guigone,
1672 1921 1777 1979 neceb
1846 1929 1848 1933 ‘

114 2014 166 2054 eos
181 2015 241 2055 non
257 1999 318 2054 sine
333 1998 437 2071 grandi
468 1998 567 2054 labore
586 1997 623 2053 ad
649 1999 756 2064 locum,
771 1997 819 2052 ubi
835 1999 921 2051 stete·
972 1997 1134 2069 antiquiore
1149 2002 1248 2055 nostro
1257 2000 1418 2073 biographo
1428 2003 1576 2074 expressis,
1588 2007 1677 2063 sancti
1688 2008 1778 2066 nostri

115 2091 187 2146 runt
201 2089 290 2144 stellae
306 2092 429 2159 septem,
443 2090 472 2142 ct
487 2087 527 2142 ait
543 2103 549 2140 :
568 2088 638 2141 Ecce
649 2088 727 2142 locus
743 2089 844 2140 vester.
861 2105 875 2135 n
973 2086 1010 2141 ad
1023 2085 1052 2140 S.
1067 2087 1218 2158 Hugonem
1229 2089 1527 2161 Gratianopolitanum
1539 2098 1779 2165 accessum,oblo·

152 2179 216 2234 424.
234 2179 277 2232 lta
291 2192 454 2248 anonymus
466 2173 846 2230 launataenistorieordinis
856 2173 923 2228 Car·
972 2177 1092 2247 tamque
1111 2174 1177 2230 huic
1191 2174 1328 2231 visionem
1342 2183 1492 2248 exornant,
1511 2180 1547 2236 dc
1562 2184 1705 2256 tempore,
1721 2202 1779 2260 quo

118 2266 274 2325 thusiensis
289 2268 398 2334 auctor,
410 2263 619 2319 nonnihilsane
630 2266 660 2318 et
676 2263 829 2333 aGuigonc
844 2265 873 2317 et
888 2261 924 2315 ab
974 2263 1035 2318 hoec
1052 2262 1196 2331 acciderit,
1212 2265 1403 2321 verosimilius
1419 2270 1506 2340 atque
1522 2269 1706 2343 adGuigonis
1717 2290 1781 2330 uar-

118 2372 278 2428 anonymo,
292 2353 341 2426 qui
352 2352 489 2425 Guigonis
503 2351 590 2407 verba
614 2352 746 2423 proxime
761 2350 880 2406 recitata
892 2348 922 2403 in
975 2350 1118 2406 rationem
1134 2353 1379 2409 accommodatius
1393 2355 1561 2427 loquuntur.
1577 2360 1617 2414 Ac
1638 2360 1781 2419 Puteanus

118 2445 288 2518 opusculum
304 2458 388 2497 suum
402 2440 510 2507 intulit,
527 2439 690 2512 primorum
706 2439 834 2512 quinque
856 2437 923 2493 Cur·
976 2437 1094 2511 quidem
1113 2439 1252 2502 visionem
1268 2445 1362 2508 nocte,
1381 2460 1445 2514 quae
1467 2445 1608 2501 Brunonis
1622 2449 1781 2506 sociorum·

117 2529 589 2604 thusiaepriorumchronographo
599 2546 648 2584 seu
660 2527 821 2600 antiquiore
829 2525 926 2582 Sancti
976 2544 1032 2599 que
1054 2528 1115 2598 ejus
1131 2527 1160 2582 in
1186 2528 1289 2583 urbem
1309 2529 1608 2602 Gratianopolilanam
1625 2536 1781 2596 adventum

118 2621 210 2680 nostri
221 2618 550 2692 biographodissonans,
568 2619 599 2671 ut
613 2616 784 2672 illiusverbo
796 2614 926 2686 proxime
975 2614 1129 2687 praecessit,
1156 2615 1268 2687 Hugoni
1291 2618 1421 2674 oblatam
1436 2619 1536 2688 refert,
1566 2624 1783 2683 Blomenvenna

118 2710 229 2785 pariter
243 2705 415 2763 hierecitota
428 2721 494 2760 cum
510 2704 647 2776 Guigonis
658 2704 751 2760 verbis
766 2701 926 2759 conserenti
976 2720 1043 2758 vero
1059 2706 1137 2759 etex
1158 2705 1213 2759 hoc
1230 2704 1328 2759 Surius
1348 2709 1428 2775 tunc,
1452 2725 1519 2764 cum
1549 2709 1669 2771 Sanctus
1686 2718 1784 2772 noster

119 2798 241 2873 patebit.
255 2795 329 2851 nudi
344 2793 443 2861 modo,
455 2793 515 2866 qui,
532 2791 644 2865 Hugoni
661 2790 925 2865 Gratianopolitano
976 2809 1081 2864 sexque
1091 2793 1152 2864 ejus
1162 2792 1230 2847 socii
1246 2792 1473 2865 Gratianopolim
1495 2803 1660 2871 pergerent.
1679 2802 1784 2860 Omnia

119 2886 266 2960 episcopo,
282 2900 348 2938 cum
364 2883 401 2938 od
413 2886 544 2938 sanctum
556 2883 632 2937 hunc
648 2880 805 2936 antistitem
813 2883 926 2934 sanctus
976 2880 1200 2935 Blomenvennm
1212 2881 1308 2947 verba,
1322 2880 1461 2938 visionem
1477 2885 1557 2940 illam
1571 2888 1718 2962 sanctique
1734 2908 1785 2949 no-

120 2977 220 3031 noster
247 2972 372 3038 accessit,
394 2971 543 3037 visionem,
560 2970 595 3025 de
612 2986 669 3041 qua
683 2985 717 3023 ex
741 2969 823 3024 dictis
838 2967 926 3023 etiam
976 2967 1026 3022 stri
1041 2968 1078 3023 ad
1090 2967 1119 3023 S.
1134 2968 1438 3040 Hugonemaccessum
1452 2974 1662 3045 spectantia,ob
1672 2995 1784 3051 ea,quce

120 3064 223 3135 Guigo,
251 3060 384 3116 divinitus
409 3059 537 3114 oblatam
568 3057 685 3113 referat.
725 3057 812 3125 Hanc,
839 3072 927 3128 quom
977 3075 1059 3113 num.
1074 3060 1107 3112 23
1123 3056 1191 3120 dixi,
1205 3058 1260 3112 huc
1275 3060 1445 3114 transcribo.
1472 3062 1568 3118 Primo
1589 3064 1697 3137 itaque,
1722 3085 1786 3125 san·

120 3151 222 3224 Guigo,
238 3150 372 3221 huncque
395 3151 506 3202 secutus
523 3148 614 3201 dictus
631 3163 802 3218 anonymus,
830 3143 928 3217 paucis
978 3149 1056 3201 ctum
1080 3148 1221 3214 nostrum,
1238 3147 1464 3219 Gratianopolim
1477 3155 1660 3223 pergentem,
1685 3156 1786 3229 magni

123 3240 262 3296 duntaxat
276 3237 352 3292 hisce
367 3236 643 3301 verbismemorant,
671 3257 685 3285 ι(
700 3233 816 3288 Viderat
830 3236 929 3288 autem
980 3233 1236 3290 nominiseremita
1251 3234 1337 3291 invia
1350 3237 1490 3306 consulto,
1517 3239 1573 3294 iter
1601 3246 1786 3315 prosecutum

121 3329 259 3403 praelatus
273 3325 421 3399 episcopus
434 3324 525 3395 (llugo
539 3323 654 3395 scilicet)
671 3323 746 3378 circa
762 3323 841 3377 idem
856 3324 950 3376 tem-·
980 3324 1075 3392 luisse,
1092 3327 1201 3391 narrat,
1220 3340 1253 3378 ac
1273 3324 1388 3392 deinde,
1405 3343 1469 3398 quae
1490 3326 1697 3387 adinstitutum
1711 3348 1786 3405 prae·

123 3435 178 3491 pus
198 3416 266 3489 (quo
289 3429 394 3486 nempe
407 3428 439 3468 ac
455 3429 523 3467 eum
549 3411 580 3467 S.
606 3414 701 3467 Bruno
723 3411 840 3483 ejusque
862 3408 931 3464 socii
981 3429 1045 3470 sens
1060 3411 1215 3485 pertinent,
1227 3413 1385 3486 subjungit.

127 3501 313 3572 accedebant)
330 3516 381 3571 per
395 3501 542 3555 somnium
555 3499 694 3555 ineadem
706 3497 930 3570 (Cmthusiaelso
1016 3503 1078 3555 426.
1091 3499 1269 3556 Suntautcm
1286 3502 1363 3557 baec:
1379 3502 1518 3559 «Videras
1538 3506 1642 3563 eodem
1654 3511 1787 3582 tempore

125 3589 412 3647 titudineDominum
421 3605 479 3643 suae
488 3586 650 3659 dignationi
661 3586 931 3641 habitaculumcon·
982 3593 1096 3644 sanctus
1109 3589 1190 3660 Hugo
1214 3589 1400 3663 episcopusin
1411 3593 1520 3648 somnis
1536 3595 1628 3650 Deum
1644 3597 1674 3652 in
1688 3597 1787 3655 solitu-

129 3676 300 3748 struentcm)
334 3677 430 3731 stellas
458 3676 547 3730 etiam
578 3678 689 3747 septem
714 3674 850 3730 ducatum
879 3672 932 3729 sibi
983 3676 1221 3732 dineCarlhusioe
1243 3695 1300 3732 sure
1317 3678 1479 3750 dignationi
1503 3681 1699 3741 habitaculum
1722 3703 1790 3744 con·

126 3769 297 3841 praestantcs
322 3765 442 3832 itineris,
470 3763 607 3837 prolixius
628 3764 686 3830 ille,
715 3762 819 3817 additis
844 3760 932 3818 etiam
983 3766 1288 3837 struentem3septem
1308 3782 1421 3838 quoque
1436 3768 1531 3822 stellas
1547 3786 1649 3826 aureas
1673 3773 1702 3828 in
1725 3792 1789 3832 mo·

127 3855 284 3922 nonnullis,
300 3869 394 3925 quara
413 3852 542 3924 Guigone
556 3853 670 3919 absunt,
689 3851 840 3922 adjunctis,
856 3850 934 3905 hunc
984 3853 1053 3909 dum
1065 3870 1180 3908 coronae
1197 3853 1438 3926 dispositasatque
1454 3859 1558 3912 eterra
1572 3862 1721 3930 paululum
1731 3865 1789 3921 ele·

127 3945 157 4000 in
173 3941 433 4015 modumproxime
448 3945 515 3996 ante
528 3942 614 3996 verba
624 3957 711 4012 supra
722 3941 933 4012 recitataexpo-
983 3945 1073 4009 votas,
1098 3941 1240 3997 acaeteris
1269 3941 1298 3997 in
1328 3942 1514 4000 firmamento
1536 3946 1597 4001 fixis
1611 3948 1677 4017 situ,
1696 3956 1788 4021 motu,

128 4035 182 4101 nit,
196 4053 212 4086 <s
229 4032 347 4105 Septem
369 4032 457 4105 igitur
483 4031 535 4087 viri
564 4031 641 4086 infra
668 4029 802 4103 descripti
829 4030 934 4100 (Bruno
985 4032 1081 4087 colore
1096 4032 1125 4085 et
1139 4029 1292 4101 splendore
1311 4029 1487 4100 differentes,
1504 4032 1615 4090 itineris
1629 4036 1682 4092 sibi
1707 4039 1793 4096 duca·

127 4122 261 4178 videlicet
286 4138 391 4193 sexque
407 4121 470 4191 ejus
484 4120 562 4191 socii)
577 4119 700 4192 praelata
727 4119 763 4174 de
784 4134 869 4173 causa
895 4117 936 4190 (ut
985 4123 1049 4175 tum
1064 4120 1243 4191 praestantes.
1269 4117 1418 4190 Cogitante
1445 4124 1544 4177 autern
1570 4139 1604 4178 eo
1625 4125 1790 4199 derisione,

129 4227 236 4282 nempe
248 4210 417 4265 locumvitae
433 4209 587 4264 eremitice
602 4212 702 4280 aptum
718 4205 890 4277 invenirent)
900 4204 937 4260 ad
987 4206 1169 4262 siluerunt'
1146 4206 1196 4261 vrri
1213 4223 1300 4281 supra
1315 4206 1383 4264 dicti
1398 4208 1504 4282 (Bruno
1521 4211 1659 4268 nimirum
1674 4215 1792 4314 ejusque

129 4297 783 4375 praedictumsanctumepiscopumfflugonem
790 4289 974 4350 Gratiano-D
987 4296 1064 4367 socii)
1079 4311 1137 4367 prae
1148 4295 1258 4349 foribus
1271 4295 1370 4366 palatii
1385 4297 1563 4369 episcopalis.
1582 4300 1668 4372 Hujus
1680 4320 1793 4362 reims

129 4387 316 4462 politunum),
346 4386 418 4442 duce
449 4386 555 4458 Spiritu
593 4387 702 4450 sancto,
732 4386 937 4456 pervenerunt.
988 4383 1794 4459 minitvirvenerabilisGuigoinllitaeJusdemsoncti

132 4475 287 4549 Cumque
280 4493 309 4530 m
312 4477 424 4530 trarent
438 4474 591 4546 praelatam
618 4473 715 4528 civitat
716 4490 763 4527 ern
783 4471 940 4543 (Gratiaru-
990 4471 1138 4545 Hugonis'
1132 4489 1161 4527 m
1177 4472 1238 4526 hmo
1253 4471 1339 4526 verba
1352 4489 1359 4526 :
1374 4473 1509 4542 «Adest,
1502 4475 1647 4548 inquiens,
1658 4481 1795 4554 magister

130 4565 234 4639 polim)
260 4564 393 4636 contigit,
419 4567 450 4618 ut
464 4564 601 4635 praesatus
620 4565 735 4616 sanctus
751 4559 939 4634 episcopusin
990 4582 1006 4616 a
1022 4563 1128 4628 Bruno,
1144 4560 1186 4614 vir
1201 4559 1351 4632 religiosus
1362 4560 1540 4636 scientiaque
1551 4565 1687 4635 famosus,
1704 4569 1794 4628 hone·

132 4651 646 4723 camerasuaobdormiret:viditque
658 4650 687 4704 in
697 4648 941 4703 somnissanctam
993 4649 1098 4705 «statis
1126 4650 1154 4702 et
1177 4648 1324 4719 gravitatis
1351 4665 1383 4703 ac
1413 4651 1500 4706 totius
1522 4654 1696 4711 maturitatis
1715 4659 1797 4733 quasi

132 4742 296 4797 visionem:
311 4744 340 4793 et
360 4755 435 4807 ecce,
458 4742 569 4812 septem
596 4738 685 4792 stellae
712 4736 855 4792 cadebant
875 4738 942 4791 ante
993 4737 1167 4810 «quoddam
1183 4737 1380 4792 simulacrum.
1395 4739 1526 4796 Habebat
1547 4745 1798 4805 autemsociossn·

135 4831 225 4905 pedes
247 4829 319 4901 ejus,
345 4832 373 4884 et
397 4832 498 4900 postca
529 4827 722 4882 ascendebant
743 4842 795 4898 per
816 4824 943 4880 diversos
993 4825 1264 4900 «prenominatos.
1282 4844 1298 4878 s
1316 4825 1491 4890 Quaerebant
1506 4845 1572 4885 vero
1589 4832 1683 4887 locum
1696 4839 1800 4895 eremi-

134 4924 251 4977 montes
266 4921 295 4974 et
304 4920 396 4974 multa
408 4919 522 4973 desorto
531 4933 620 4988 usque
634 4914 670 4970 ad
676 4915 833 4988 quemdam
847 4915 943 4970 locum
992 4916 1058 4970 ticae
1076 4914 1140 4968 vitae
1152 4929 1325 4986 congruum,
1340 4915 1521 4989 necdumque
1534 4925 1712 4991 repererant.
1727 4924 1799 4983 Cum

134 5008 288 5065 horridum
303 5007 395 5074 valde,
418 5009 447 5061 et
463 5023 480 5062 a
494 5005 608 5079 populis
622 5007 779 5071 remotum,
795 5003 944 5059 Carthusio
994 5021 1063 5076 ergo
1081 5002 1249 5057 nunciatum
1278 5003 1410 5076 episcopo
1435 5005 1543 5072 luisset,
1569 5007 1644 5062 viros
1664 5013 1801 5081 prefatos

135 5099 349 5168 nuncupatum,
364 5093 623 5166 steteruntqueibi.
640 5112 656 5145 >>
670 5091 944 5148 Hactenusloudatae
994 5092 1081 5165 ipsius
1096 5091 1273 5163 postulantes
1297 5092 1471 5164 colloquium
1484 5109 1544 5165 prae
1560 5094 1670 5153 foribus
1683 5107 1803 5172 praestu-

135 5185 247 5244 0rdinis
256 5182 464 5241 Canthusieosis
474 5182 725 5248 ilistoriaeauctor3
737 5180 866 5252 qui,cum
874 5196 946 5252 prae·
995 5182 1058 5249 lari,
1070 5180 1222 5235 confestim
1236 5197 1284 5234 eos
1293 5180 1436 5235 introduci
1444 5181 1537 5253 jubet.
1550 5183 1658 5247 Quibus
1667 5188 1803 5262 ingressis

135 5278 228 5342 terea,
246 5273 454 5340 narrationem,
467 5288 547 5326 num.
561 5270 686 5343 praeced.
700 5270 777 5323 hunc
790 5268 945 5343 transcrip-
997 5273 1025 5325 et
1038 5268 1076 5323 ed
1090 5267 1177 5340 pedes
1190 5267 1405 5338 ejushumiliter
1418 5269 1568 5340 prostratis
1577 5275 1801 5355 optatamlnrgi·

136 5367 211 5429 tarn,
226 5363 354 5429 daturus,
372 5362 439 5434 ipsis
453 5361 551 5434 sesejid
562 5360 725 5433 primorum
740 5356 866 5429 quinque
878 5357 946 5412 Car·
998 5359 1090 5414 tusest
1101 5355 1417 5411 benedictionem.Cum
1433 5374 1499 5413 vero
1511 5359 1613 5416 elevati
1628 5364 1664 5418 ob
1680 5365 1742 5438 ipso
1757 5386 1802 5426 se·

137 5453 241 5509 thusiae
255 5452 385 5527 priorum
401 5451 533 5508 chronici
548 5450 641 5504 verbis
651 5449 795 5504 facturum
810 5446 946 5516 insinuet,
997 5445 1185 5518 compariter
1211 5443 1417 5512 consedissent,
1434 5463 1550 5504 causam
1574 5450 1714 5511 adventus
1728 5456 1802 5529 ipso-

139 5559 202 5619 prae
217 5535 945 5612 maninushahuissevideturonuscvlihuius0¹0111·
997 5553 1062 5595 rum
1078 5534 1231 5607 diligenter
1242 5532 1397 5592 sciscitatus
1412 5540 1464 5594 est.
1481 5539 1617 5599 Brunone
1631 5547 1803 5620 autempro·
