3772 5976
110 307 180 382 lits

621 311 801 384 arrosmo
817 321 854 382 sn
872 304 1040 384 meinos.
1056 357 1090 371 -
1105 326 1203 389 esst.
1221 328 1266 390 xe

1687 324 1762 421 'ttae

111 440 221 499 scilieet
229 441 403 515 letabimur,
411 436 442 501 in
459 439 554 519 quibvs
564 444 680 502 videm
688 443 1192 520 rsiexperientiaAimmorari,enm
1201 451 1383 527 adeopotens
1392 453 1428 514 sit
1437 430 1599 533 quodDeus
1609 464 1762 525 caleisium
1862 518 1865 523 .

107 532 192 600 mela,
204 516 302 605 368
310 534 341 590 id
355 538 398 590 est
411 538 604 608 congruentes
611 534 912 601 tribulationes.0uod

110 627 155 679 est
168 625 264 680 dicere
281 641 288 679 :
303 625 430 690 Quiahic
445 641 497 698 pro
517 628 575 682 Deo
592 625 822 698 persecutionem
838 625 911 696 pali-

107 728 184 780 mur,
196 713 226 769 in
241 714 337 769 tuturo
351 713 614 770 testabimur.lurta
623 713 692 769 illud
708 713 909 769 Dominieum:

108 822 124 853 «
139 801 217 858 beati
230 803 279 874 qni
293 819 369 858 nunc
382 803 466 870 lletis,
477 804 544 876 quia
554 803 683 859 ridebitis
694 803 773 870 (Luc.
786 803 906 874 ruiti»

144 891 227 956 Quod
242 895 340 947 autem
356 893 487 965 superius
499 890 624 948 breviter
649 892 750 959 oravit,
766 892 814 947 ubi
830 891 911 961 dixit,

107 979 223 1035 eruditos
237 979 314 1033 corde
332 982 361 1034 in
374 983 520 1051 sapientie,
541 980 587 1036 hie
608 980 720 1035 orando
745 981 860 1053 repetit,
880 983 913 1035 nt

108 1067 233 1140 amplius
248 1068 334 1135 dieat,
349 1067 388 1124 sic
403 1085 409 1124 :
425 1069 617 1142 Dieoquedin
628 1069 724 1124 intnro
737 1068 909 1125 letabimur.

107 1157 143 1213 Et
157 1160 189 1214 nt
203 1157 240 1212 ad
254 1157 328 1212 hanc
337 1157 466 1214 letitiam
477 1157 779 1231 pervenirepossimns
790 1152 913 1230 :Respice

107 1245 314 1302 misericordiae
329 1250 460 1320 respectu
476 1250 504 1302 in
518 1265 604 1303 seruos
617 1254 688 1316 tues,
704 1248 790 1304 idest
804 1250 834 1305 in
848 1248 912 1304 illos

107 1335 158 1408 qui
169 1335 220 1390 tibi
233 1335 371 1400 serviunt,
384 1336 455 1391 alios
465 1336 519 1392 sibi
531 1337 756 1410 incorporando,
764 1340 911 1409 etinopere

108 1423 282 1492 tvo,scilicet
294 1424 324 1480 in
339 1441 388 1480 eos
403 1425 463 1497 qui,
477 1425 555 1497 qnod
571 1426 640 1482 beni
655 1429 732 1493 snut,
744 1443 796 1499 per
809 1421 910 1498 opera·

107 1511 219 1568 tionem
236 1513 439 1569 misericordie
452 1517 510 1570 tuse
537 1519 612 1570 sunt.
639 1515 710 1570 Cum
732 1515 801 1571 dicit
813 1533 909 1584 servos,

107 1601 246 1657 meritum
261 1617 363 1657 eorum
377 1602 482 1670 innuit,
500 1619 566 1658 eum
576 1619 643 1659 vero
654 1620 731 1675 opere
742 1603 792 1659 Dei
804 1604 912 1660 miseri·

962 553 1164 608 supernorum.
1178 541 1256 599 Dicet
1270 547 1299 600 et
1311 544 1406 602 verbis
1420 551 1449 604 et
1462 551 1682 622 cogitationibus
1705 556 1762 612 De·

961 628 1044 694 mino,
1055 635 1189 700 susceptor
1200 649 1281 698 meus,
1293 636 1346 688 etc.
1362 633 1444 698 Quod
1458 640 1502 691 est
1516 639 1611 696 dicere
1627 659 1633 698 :
1648 644 1761 698 Nullum

962 713 1761 802 aliumperseveranteradjuvatDeusadbeneagendnm,

962 819 1056 874 neque
1071 807 1197 878 protegit
1211 807 1241 863 in
1256 808 1416 879 virtutibus,
1434 830 1470 868 ne
1487 814 1610 884 deficiat,
1620 818 1674 872 nisi
1682 819 1762 874 illum

962 890 1011 962 qni
1025 892 1125 948 emnia
1138 894 1216 950 bona
1231 912 1295 968 quse
1308 898 1406 967 habet,
1422 917 1481 957 non
1497 903 1551 959 sibi
1567 905 1617 961 sed
1638 907 1761 966 Domino
1873 971 1876 977 ,

962 980 1115 1047 ascribens,
1131 982 1198 1037 dicct
1211 983 1327 1042 Domine
1337 1003 1403 1043 enm
1416 990 1576 1062 gratiarum
1588 994 1700 1051 actione
1717 1013 1723 1052 :
1740 997 1762 1053 0

962 1068 1095 1137 Domine,
1112 1073 1143 1125 tu
1158 1088 1188 1126 es
1202 1081 1342 1145 susceptor,
1358 1075 1448 1132 idest
1464 1082 1602 1152 patronus
1616 1101 1697 1153 meus,
1713 1085 1762 1159 qui

962 1172 1011 1213 me
1026 1159 1154 1231 protegis
1166 1177 1202 1215 ue
1229 1161 1375 1233 deliciam;
1391 1168 1421 1221 et
1437 1166 1501 1222 talis
1518 1178 1649 1242 susceptor
1670 1174 1762 1246 quies

962 1247 1097 1317 refugium
1108 1249 1286 1318 meum,idest
1294 1253 1431 1309 securitas
1441 1270 1516 1325 mea,
1530 1258 1763 1318 utvidelieetunu

960 1335 1081 1391 timeam
1096 1339 1145 1392 tuo
1160 1338 1283 1394 confisus
1292 1341 1463 1412 patrocinio,
1473 1347 1503 1400 et
1514 1347 1581 1400 tues
1592 1346 1664 1404 Deus
1670 1366 1761 1419 meus,

962 1422 991 1478 id
1007 1427 1049 1479 est
1061 1428 1215 1494 recreator,
1233 1428 1281 1499 qui
1302 1445 1350 1484 me
1359 1445 1439 1486 creas
1449 1430 1479 1486 in
1491 1432 1570 1489 bona
1584 1437 1761 1507 operatione,

961 1514 1069 1569 scilicet
1078 1515 1127 1587 qni
1138 1531 1185 1570 me
1193 1515 1310 1586 adjuvas
1321 1517 1357 1572 ad
1363 1515 1437 1573 bene
1447 1521 1637 1590 operandum.
1650 1525 1684 1579 Et
1694 1520 1764 1598 quia

961 1618 1021 1657 non
1036 1603 1141 1658 suflicit
1152 1603 1207 1659 hoc
1222 1604 1317 1660 dicere
1333 1606 1468 1676 Domino,
1484 1608 1538 1664 nisi
1548 1611 1637 1666 etiam
1651 1615 1763 1686 satagat

107 1689 237 1745 cordiam
255 1706 261 1743 :
277 1692 316 1745 bc
326 1691 349 1746 si
364 1691 471 1747 diceret
486 1708 492 1746 :
507 1693 541 1747 lit
554 1691 620 1746 ideo
635 1692 664 1748 iu
674 1709 723 1747 eos
731 1695 836 1764 respice,
843 1692 912 1765 quia
963 1690 999 1745 de
1013 1691 1135 1763 proximi
1151 1691 1349 1760 instructione,
1366 1694 1441 1750 dicet
1464 1696 1552 1752 etiam
1569 1700 1707 1770 proximis
1725 1701 1763 1757 ad

105 1777 160 1834 tibi
175 1778 312 1848 serviunt,
324 1778 395 1836 alios
404 1780 584 1836 instruendo.
600 1781 635 1835 Et
647 1779 741 1836 adhue
755 1780 820 1836 ideo
833 1766 948 1854 quodB
961 1777 1193 1835 instructionem.
1209 1781 1327 1852 Sperebo
1342 1783 1370 1836 in
1386 1799 1424 1851 eo,
1437 1782 1466 1838 id
1481 1788 1524 1839 est
1539 1802 1592 1858 ego
1608 1789 1717 1844 nullam
1732 1789 1763 1845 in
1841 1778 1845 1785 ¹

107 1866 187 1923 enim
196 1871 273 1934 sunt,
284 1869 453 1941 operatione
462 1874 511 1925 tna
521 1875 597 1927 suut.
616 1872 654 1927 Et
666 1870 754 1926 etiam
773 1870 858 1941 diripe
873 1869 910 1926 ed
962 1883 1010 1923 me
1024 1883 1106 1938 spem
1121 1868 1225 1937 habeo,
1248 1885 1264 1924 ο
1290 1870 1447 1939 auditores,
1464 1872 1515 1927 sed
1536 1873 1565 1928 in
1588 1876 1712 1932 Domino
1727 1893 1762 1933 eo

107 1954 184 2011 bene
200 1955 380 2028 operandum
394 1957 473 2027 fitius,
489 1958 519 2013 id
534 1961 577 2014 est
590 1975 726 2032 sequaces
739 1975 840 2014 eorum.
858 1959 910 2012 Ex·
961 1972 1044 2029 spero
1060 1956 1217 2028 etsperabe,
1230 1956 1313 2012 idest
1327 1974 1410 2032 spem
1433 1975 1553 2031 penam,
1569 1963 1613 2018 vel
1628 1966 1761 2036 sperabo,

106 2043 191 2115 pouit
206 2043 302 2117 itaque
318 2046 465 2117 quomodo
484 2048 576 2102 Deum
598 2051 661 2103 oret
674 2048 827 2120 respicere.
842 2047 910 2103 Dico
961 2061 1009 2099 me
1022 2044 1188 2116 relinquens
1202 2047 1231 2100 et
1248 2043 1278 2100 in
1298 2061 1366 2101 enm
1390 2049 1522 2118 tendens,
1538 2050 1613 2107 utin
1631 2069 1665 2108 eo
1680 2070 1763 2126 spem

105 2135 212 2205 respice,
228 2137 253 2188 et
268 2135 321 2189 hoc
335 2135 423 2191 modo
436 2138 541 2207 respice,
556 2139 587 2192 nt
595 2139 630 2191 sit
643 2136 763 2208 splendor
772 2137 911 2192 virtutum
961 2149 1080 2207 ponam·
1095 2131 1245 2188 Sententia
1260 2134 1363 2191 eadem
1380 2139 1433 2204 esi,
1457 2153 1523 2193 cum
1543 2139 1664 2196 dicimus
1679 2143 1708 2197 in
1721 2160 1762 2213 eo,
1850 2206 1852 2210 Α

106 2224 137 2277 ει
152 2221 326 2279 innocentie
340 2223 455 2280 Domini
465 2227 550 2280 nestri
561 2226 626 2280 lesu
642 2226 745 2281 Christi
759 2244 838 2299 ευμεν
851 2244 909 2295 nes,
962 2225 990 2278 et
1005 2225 1032 2277 in
1048 2239 1117 2277 curn.
1134 2222 1202 2278 Dico
1218 2223 1296 2295 qnod
1309 2226 1337 2278 irs
1350 2241 1379 2280 eo
1390 2227 1499 2298 sperabo
1514 2244 1522 2280 ε
1539 2211 1638 2300 369
1658 2233 1687 2286 et
1695 2231 1761 2300 hec,

104 2309 190 2366 idest
206 2311 235 2366 in
250 2311 390 2382 superiori
404 2318 433 2369 et
448 2313 573 2385 digniori
588 2317 669 2384 parte
684 2314 785 2384 nostri,
802 2315 832 2371 in
848 2315 910 2371 ani·
963 2309 1069 2366 scilicet
1083 2311 1216 2383 spertb0·
1242 2311 1443 2385 muscampis
1469 2314 1519 2387 qui
1541 2320 1702 2388 potensest
1725 2319 1762 2375 tid

105 2414 156 2454 ma
170 2397 286 2456 scilicet.
312 2400 395 2464 Quod
412 2404 455 2456 est
477 2401 572 2456 dicere
587 2416 595 2456 t
611 2401 673 2457 Fiat
695 2402 794 2459 anima
813 2407 911 2460 nostra
962 2415 1009 2455 me
1033 2398 1227 2469 liberandum,
1249 2401 1369 2455 liberabit
1384 2402 1470 2458 mede
1485 2403 1577 2476 laqueo
1596 2408 1761 2475 venantium,

105 2488 250 2560 particeps
265 2488 426 2558 splendoris
435 2489 505 2560 ejus,
521 2489 694 2561 inquantum
710 2495 751 2546 est
764 2492 908 2562 possibile.
962 2504 998 2543 ne
1012 2487 1040 2541 in
1054 2504 1087 2543 eo
1103 2487 1210 2559 capiar.
1225 2488 1383 2544 Venateres
1397 2506 1449 2562 per
1464 2491 1683 2549 similitudinem
1699 2511 1761 2550 ma-

105 2574 146 2632 Et
159 2575 246 2646 dirige
260 2592 336 2647 super
349 2592 406 2644 rior,
423 2576 502 2632 idest
513 2577 550 2632 ad
562 2582 725 2650 respectum
740 2583 855 2636 aterum
869 2581 908 2636 vi·
961 2575 1054 2648 lignos
1066 2575 1182 2647 spiritus
1197 2579 1297 2631 vocat:
1315 2577 1384 2648 quia
1396 2578 1469 2633 sicut
1492 2578 1560 2635 seris
1581 2579 1703 2638 incautis
1717 2599 1763 2638 ve·

104 2666 155 2733 tae,
170 2681 234 2738 quae
249 2668 292 2721 est
304 2682 448 2740 supernos,
464 2683 541 2736 opera
556 2683 686 2722 brennum
699 2676 862 2736 nostrerum,
880 2670 910 2726 id
959 2666 1075 2719 naiores
1085 2665 1203 2736 laqueos
1213 2666 1346 2733 tendunt,
1358 2666 1470 2737 quibus,
1484 2684 1531 2723 cas
1546 2667 1707 2741 decipiunt;
1722 2669 1763 2726 ita

106 2756 150 2810 032
161 2754 339 2827 bonflopgm
354 2771 419 2827 quae
438 2755 611 2828 confingunt
627 2773 660 2812 εχ
677 2757 761 2813 bonis
782 2757 909 2814 affectio.
960 2751 1014 2822 ipsi
1028 2751 1160 2809 lldelibns
1174 2752 1304 2825 laqueos,
1321 2753 1423 2825 quibus
1446 2770 1495 2811 eos
1516 2755 1674 2828 illaqueent
1689 2775 1762 2833 prse-

95 2841 191 2916 ¹nibus
206 2843 320 2906 nestris,
345 2859 409 2916 quse
424 2847 490 2899 sunt
510 2860 614 2900 manus
633 2860 686 2915 per
705 2861 777 2917 quas
797 2846 910 2902 animus
960 2842 1073 2910 parant.
1088 2840 1218 2911 Laqueus
1231 2839 1319 2913 igitur
1333 2857 1436 2896 eorum
1451 2845 1494 2897 est
1507 2859 1609 2899 aurum
1619 2848 1760 2917 etargen·

107 2931 261 3004 cogitando
275 2935 422 3003 operatur.
439 2932 522 2997 Quod
535 2936 578 2989 est
593 2932 689 2988 dicere
706 2949 713 2988 t
729 2934 783 2989 Fae
798 2950 850 2990 nos
865 2934 907 2989 ia·
960 2930 1034 2995 tum,
1053 2930 1119 2996 etc„
1133 2945 1197 3001 (1¹1ae
1223 2931 1345 3001 POSSUssb
1359 2945 1419 2984 2³³0
1434 2931 1555 2987 materia
1569 2934 1716 3004 peccandi,
1732 2937 1762 2990 et

106 3036 172 3076 cere
187 3036 276 3091 opera
289 3021 367 3077 bona
381 3024 511 3092 respectu
532 3021 677 3076 benorum
701 3035 939 3099 supernorumfl
962 3015 1079 3088 insuper
1091 3016 1168 3072 vitia·
1192 3016 1232 3071 Et
1255 3018 1389 3073 liberabit
1413 3035 1459 3075 ¹1¹0
1480 3038 1497 3073 a
1512 3021 1588 3076 verbo
1608 3037 1708 3094 erpere,
1725 3040 1761 3079 ue

106 3125 167 3165 uon
180 3113 311 3182 respectu
324 3108 429 3166 favoris
443 3108 607 3164 bominum.
624 3111 658 3165 Et
671 3108 756 3180 diripe
768 3110 798 3165 in
808 3126 905 3183 perse·
961 3105 1033 3161 mibi
1047 3107 1211 3179 prevaleat,
1227 3105 1257 3161 id
1271 3108 1314 3161 est
1329 3107 1364 3162 ab
1380 3107 1490 3162 occulta
1503 3109 1686 3181 suggestione
1696 3128 1761 3184 qum

105 3197 911 3271 versutiam,idestperseverareiaeopusmenuumnostre-
959 3193 1080 3249 verbum
1093 3210 1227 3267 asperum
1247 3193 1360 3263 dicitur,
1376 3211 1410 3250 eo
1436 3195 1514 3268 qnod
1535 3196 1676 3270 inquietat
1697 3199 1761 3254 ani·

107 3302 181 3350 rure,
192 3284 221 3341 id
232 3287 275 3341 est
285 3285 362 3341 bona
373 3286 656 3358 operaadectionum
668 3291 910 3360 nostrarumque
961 3298 1054 3349 mum,
1065 3299 1082 3338 a
1096 3281 1284 3367 similitudine
1291 3282 1385 3355 asperi
1396 3281 1487 3353 verbi,
1501 3285 1544 3339 vel
1558 3287 1661 3342 acerbo
1671 3304 1761 3360 aspero

106 3372 292 3446 singulariter
304 3391 375 3448 opus
391 3375 525 3431 dicuntur
539 3392 573 3431 eo
586 3376 675 3447 quod,
691 3393 758 3431 cum
772 3375 911 3433 charitate
960 3370 1164 3426 lvereticorum
1180 3373 1210 3425 et
1224 3369 1439 3439 infidelium,ue
1452 3377 1504 3446 prb
1520 3374 1762 3432 eorumconviciis

106 3461 194 3530 lacta,
211 3479 270 3520 nen
284 3463 426 3519 discordia
441 3466 517 3530 snut,
533 3464 653 3519 seduna
668 3481 771 3520 massa.
962 3457 1137 3529 asperrimis,
1154 3475 1171 3513 ἃ
1193 3462 1270 3514 Γθθῑθ
1289 3459 1603 3531 91'0P05st0fld051110oe
1620 3462 1761 3519 ᾱθῦθῑᾶῐῐὶ·

369 3552 404 3606 ιΝ
421 3551 581 3607 psgffluffl
596 3551 649 3607 xc,
961 3545 1030 3601 Dico
1041 3546 1120 3617 quod
1129 3545 1339 3600 dicetDemino:
1350 3547 1492 3618 Susceptus
1504 3565 1586 3617 inens,
1596 3552 1664 3618 ete,
1675 3553 1705 3606 ει
1720 3551 1762 3608 di-

144 3638 251 3696 Titulus
266 3638 456 3711 nonagesimi.
468 3639 540 3694 Lens
554 3641 651 3695 centies
666 3638 766 3693 David.
781 3638 864 3703 Quod
873 3639 911 3694 sie
962 3637 1008 3688 cet
1018 3632 1156 3706 proximis
1169 3649 1176 3688 ε
1187 3632 1306 3704 Sperebo
1315 3635 1347 3688 in
1356 3650 1403 3702 eo,
1414 3638 1480 3703 ete,
1491 3637 1520 3690 et
1530 3637 1591 3691 brec
1601 3636 1688 3692 etiam
1699 3656 1763 3712 quse

109 3730 279 3801 exponitur:
295 3729 421 3784 Perimes
436 3728 489 3784 iste
504 3731 546 3784 est
558 3728 625 3794 Inus,
642 3726 672 3782 id
690 3729 733 3782 est
748 3726 784 3781 ad
797 3727 912 3782 laudem
961 3724 1130 3793 sequuntur,
1147 3719 1223 3775 dicti
1237 3721 1290 3776 sihi
1311 3720 1365 3793 ipsi
1389 3716 1425 3775 ad
1445 3721 1660 3791 ⁰¹⁸¹t³ll⁰¹¹0mr
1676 3728 1705 3779 θῑ
1726 3726 1763 3780 ad

110 3816 161 3875 Dei
175 3817 362 3890 compositus;
379 3820 409 3871 et
424 3818 466 3872 est
481 3817 539 3871 teus
556 3818 666 3884 certici,
682 3815 711 3870 id
737 3819 781 3870 est
792 3816 854 3870 lans
865 3815 911 3886 jo·
962 3808 1108 3880 agendum
1119 3805 1505 3879 D008rflbiarum³⁰fi0ssbffl·
1517 3810 1763 3880 Oiutssimambar

110 3908 275 3974 cunditstis,
292 3906 322 3961 id
337 3908 380 3962 est
395 3905 592 3977 lausJocuuda
603 3923 608 3960 :
619 3909 648 3960 et
662 3908 705 3961 est
719 3904 781 3960 laus
793 3904 845 3959 ista
857 3903 914 3957 De·
962 3912 1043 3968 spem
1055 3895 1252 3950 firmamllabe
1268 3894 1296 3949 51¹
1306 3896 1440 3951 Domino.
1453 3897 1525 3953 Nam
1535 3897 1653 3969 libitam
1663 3900 1764 3956 delam

109 3996 165 4064 oid,
189 3995 218 4050 id
246 3997 288 4050 est
307 3994 445 4066 cujusque
466 3993 568 4056 tidelis,
589 3993 638 4066 qui
653 3993 683 4048 in
698 3993 754 4049 hec
769 3993 880 4063 psalmo
896 4006 913 4045 a
963 3984 1000 4040 sd
1015 3986 1111 4040 caulas
1125 3983 1204 4052 tldei,
1219 3984 1334 4056 scopulis
1347 3987 1413 4054 suit,
1427 3985 1457 4042 id
1472 3989 1515 4041 est
1529 4003 1580 4058 per
1603 3988 1765 4045 doctrinam

111 4083 257 4155 propheta
268 4081 425 4138 inducitur.
440 4081 586 4153 Propheta
599 4081 677 4136 enim
687 4079 718 4134 in
729 4079 822 4151 primo
831 4095 913 4134 versu
963 4071 1196 4145 predicatorum,
1214 4070 1262 4143 qui
1279 4071 1329 4127 Dei
1343 4074 1465 4144 scapulis
1481 4073 1626 4144 dicuutur,
1640 4092 1674 4132 eo
1688 4076 1765 4149 quod

111 4172 225 4244 psalmi,
240 4172 269 4227 iu
286 4187 410 4246 persona
426 4187 477 4226 sua
493 4186 592 4243 agens,
615 4168 767 4224 ostendere
790 4167 915 4223 intendit
964 4176 1066 4216 eornm
1076 4159 1542 4232 doctrinaovesperditas,scilieet
1553 4163 1766 4221 bominesDeus

96 4260 175 4334 ,quis
191 4260 227 4317 sit
240 4261 378 4316 dicendus
393 4276 453 4315 esse
467 4258 601 4314 habitans
621 4259 649 4311 in
671 4257 808 4329 adjutorio
830 4255 914 4312 Altis·
926 4281 952 4342 Ι)
965 4248 1078 4304 adsidet
1091 4249 1177 4316 viem,
1190 4249 1262 4306 etad
1274 4250 1399 4322 paradisi
1414 4252 1487 4308 ovila
1500 4256 1640 4324 reportat,
1651 4271 1707 4326 que
1714 4271 1766 4326 per

112 4350 185 4416 rimi,
194 4355 220 4403 et
230 4351 258 4402 in
265 4349 428 4419 protectione
442 4346 495 4400 Dei
510 4345 575 4400 celi.
588 4344 681 4408 Quem
703 4343 914 4400 inhabitantem
965 4353 995 4393 se
1006 4336 1100 4393 redire
1111 4340 1276 4411 nequeunt:
1290 4338 1362 4393 sicut
1372 4342 1469 4412 pastor
1480 4356 1563 4397 ovem
1578 4357 1665 4413 quam
1672 4342 1767 4418 perdi·

110 4453 164 4509 per
178 4436 304 4509 reliquos
319 4451 415 4491 versus
429 4433 533 4507 psalmi
546 4431 656 4487 inducit
672 4435 821 4504 agentem,
838 4434 869 4485 et
878 4429 915 4485 ad
966 4427 1049 4482 derat
1063 4426 1221 4495 inventam,
1233 4443 1297 4499 quas
1308 4427 1417 4500 praesui
1432 4427 1580 4484 debilitate
1595 4428 1636 4484 ire
1651 4446 1709 4486 nou
1718 4446 1768 4504 pn-

111 4525 229 4581 laudem
244 4524 295 4579 Dei
307 4522 447 4579 beneficia
458 4539 476 4577 a
488 4524 546 4577 Deo
559 4521 708 4588 donanda,
723 4535 782 4574 nou
796 4518 850 4575 sibi
866 4518 916 4574 sed
965 4518 1033 4578 test,
1048 4515 1085 4569 ad
1099 4515 1194 4570 caulas
1203 4515 1283 4569 ovilis
1293 4515 1484 4588 piishumeris
1494 4518 1711 4589 reportattbuc.
1723 4537 1767 4589 xv,

112 4614 238 4672 Domino
254 4611 462 4681 aseritieutem3
477 4613 506 4664 et
520 4611 608 4664 etiam
631 4608 693 4681 ipsa
714 4606 857 4664 beneficia
880 4606 916 4661 ad
967 4601 1189 4674 itabcmbrebit,
1201 4601 1231 4656 id
1240 4604 1283 4656 est
1292 4600 1545 4660 obumbrationem
1558 4605 1701 4679 refrigerii
1710 4625 1768 4664 snae

112 4703 344 4761 exhortationem
358 4717 440 4757 suam
453 4702 650 4756 enarrantem.
662 4700 696 4754 Et
705 4714 758 4772 per
770 4697 825 4752 hoe
847 4695 917 4751 alios
966 4688 1155 4764 protectionis
1175 4688 1264 4745 dabit.
1282 4690 1365 4754 Quod
1384 4695 1428 4747 est
1442 4690 1537 4749 dicere
1555 4711 1562 4751 ι
1578 4694 1770 4768 Refrigerabit

111 4791 238 4861 iustruit,
254 4789 395 4865 quidquid
410 4788 479 4846 boni
493 4789 604 4845 habent
612 4788 641 4843 in
648 4787 805 4845 nominum
817 4783 916 4840 refun-
967 4776 1244 4850 teprotectionesua
1254 4777 1290 4832 ab
1301 4777 1451 4837 incentivis
1466 4781 1610 4848 vitiorum,
1625 4798 1661 4837 ne
1677 4782 1768 4839 nimio

113 4882 243 4938 dendum
258 4897 329 4949 esse,
345 4883 378 4936 nt
402 4882 430 4936 et
457 4877 561 4936 eadem
587 4876 641 4947 ipsi
666 4875 918 4932 beneficiaconse·
968 4863 1769 4943 testueorumdetleias.0uodpresignatumestperlllies

113 4975 250 5045 quantur.
967 4951 1183 5025 lsrael,quiper
1191 4952 1337 5011 desertum
1346 4955 1525 5023 incedentes,
1533 4956 1770 5014 nubeobnmbra-

149 5058 204 5127 Qui
219 5059 321 5113 trebiros
344 5058 371 5112 in
390 5055 523 5127 adjutorio
535 5053 680 5120 Attissimi,
695 5051 726 5107 id
739 5054 782 5107 est
806 5049 853 5106 ille
868 5047 917 5122 qui
967 5039 1160 5099 banturneab
1172 5042 1243 5096 aestu
1251 5042 1341 5098 nimio
1351 5043 1535 5099 laederentur.
1543 5043 1578 5097 Ει
1585 5046 1627 5098 est
1635 5043 1768 5102 dictuma

114 5162 174 5203 non
188 5145 381 5213 esthorarius,
394 5145 445 5200 sed
457 5143 601 5210 habitans,
613 5141 693 5196 idest
700 5139 826 5211 perlecta
836 5154 916 5193 cem·
966 5127 1416 5203 similitudinestrenuiducis,qui
1424 5129 1561 5186 militibus
1570 5131 1768 5203 suisproelian-

113 5251 233 5292 morans
247 5236 274 5289 in
284 5233 419 5306 adjutorio
430 5233 480 5288 Ilei
490 5250 498 5296 3
508 5231 538 5286 in
551 5229 632 5300 cujus
647 5226 790 5298 adjutorio
806 5226 917 5280 bonum
967 5216 1182 5275 tibusumbram
1193 5218 1334 5290 providet,
1344 5218 1765 5292 uepropteraestumdeliciant.

114 5327 158 5380 est
174 5323 335 5392 immorari,
350 5339 415 5378 cum
427 5321 488 5393 ipse
498 5319 533 5375 sit
546 5316 717 5384 bilissimus,
729 5314 759 5371 id
768 5316 810 5370 est
817 5312 915 5370 Omni·
1002 5307 1070 5365 Dico
1082 5304 1160 5379 qnod
1169 5305 1572 5363 tibiobumbratiouemlaeiet
1587 5310 1616 5362 et
1630 5309 1661 5362 tu
1673 5309 1767 5379 posita

114 5414 233 5488 putenm
250 5412 337 5468 stille
353 5411 401 5485 qni
416 5407 611 5473 immorabitur,
626 5404 712 5460 idest
730 5418 916 5476 perseveratr-
966 5396 1014 5454 sub
1028 5399 1125 5470 pennis
1136 5399 1203 5470 ejus,
1222 5393 1252 5450 ld
1278 5397 1321 5449 est
1335 5395 1387 5450 sub
1410 5394 1560 5468 refrigerio
1580 5396 1766 5467 protectionis

113 5502 160 5555 ter
170 5499 312 5555 habitabit
321 5501 350 5553 in
359 5499 521 5571 protectione
535 5493 586 5549 Der
600 5491 665 5561 ceti,
685 5490 714 5546 id
729 5493 773 5545 est
794 5489 845 5546 Dei
861 5505 916 5546 coe-
967 5487 1029 5560 ejus
1042 5487 1168 5558 sperabis.
1186 5486 1292 5540 Pennas
1307 5501 1360 5558 per
1372 5482 1590 5539 similitudinem
1599 5499 1651 5555 pro
1665 5491 1763 5558 prote·

115 5587 232 5646 testium
243 5585 411 5662 spirituum3
431 5585 460 5642 in
475 5584 556 5656 enjus
570 5579 750 5656 protectione
763 5578 860 5636 tutum
875 5581 919 5636 est
968 5569 1650 5651 ctionepoauntur,eoquodvoluerirpullossuos
1660 5574 1763 5646 pennis
