3772 5970
112 286 180 344 tare
405 280 435 340 S.
454 274 629 339 BRUNONIS
650 273 968 338 caarflhsmuomnt
986 276 1222 335 lNSTlTUTORlS
1244 278 1321 335 OPP.
1341 276 1430 336 PARS
1445 281 1466 336 Ι.
1718 279 1788 334 ¹220

109 406 163 461 hoc
180 404 300 477 sitquod
317 402 592 474 ajustojudiciollei
604 419 657 474 pro
668 404 775 457 scelere
786 418 837 457 suo
846 401 910 472 jam
926 407 1081 466 Ausaram
1096 400 1223 473 colligat.
1236 400 1328 466 Quam
1336 403 1474 470 procerte
1490 414 1615 455 usuram
1632 400 1720 455 Deus
1730 398 1788 454 exi·

109 493 306 566 sitjudicatus,
319 491 348 546 id
358 491 629 563 estfcondemnatus,
650 507 709 546 non
722 491 825 546 evadat
837 489 912 561 judi·
962 490 1015 562 git,
1033 507 1099 545 cum
1125 507 1278 562 paenarum
1295 489 1512 545 examinatione
1535 490 1574 544 ab
1604 487 1653 543 his
1669 488 1726 560 qui
1743 488 1787 543 hic

109 583 185 638 cium
210 580 280 636 illud
297 579 448 635 salubriter
463 579 630 651 poenitendo
646 579 675 633 in
692 581 743 634 hac
762 578 834 634 vita:
863 579 913 634 sed
962 576 1056 634 ioenus
1068 578 1122 634 sibi
1138 578 1276 634 traditum
1292 577 1444 649 negligunt
1468 575 1685 648 multiplicare.
1702 577 1786 632 Juxta

108 676 183 726 erant
195 670 230 725 de
246 671 300 724 hae
315 667 374 723 vita
401 667 600 736 condemnatus,
623 667 650 722 id
666 671 709 723 est
724 667 866 722 moriatur
882 667 911 721 in
962 682 1029 721 vero
1045 667 1096 722 has
1125 667 1227 722 ambas
1242 665 1400 722 sententias
1426 663 1524 721 littera
1548 665 1591 720 sic
1608 664 1781 736 exponitur.

109 757 299 814 damnatione
317 755 376 812 illa.
393 756 433 811 B't
446 757 531 811 oratio
546 755 614 826 ejus,
629 755 657 811 id
674 760 717 809 est
741 755 912 828 poenitentia
962 751 1110 808 Fenerotor
1126 753 1255 809 Christus
1271 755 1315 808 vel
1341 753 1471 809 diabolus
1496 759 1635 807 scrutetur
1668 770 1688 807 a
1710 751 1782 807 luda

108 848 180 918 ejus,
197 863 260 918 qna.
275 843 502 918 perorationem
518 844 666 916 accipitur,
683 861 717 899 eo
730 844 807 915 quod
820 843 910 915 poeni-
961 859 1065 895 omnen
1077 842 1256 897 substantiam
1270 843 1336 912 ejus,
1352 841 1380 896 id
1395 844 1439 897 est
1450 841 1544 914 exigat
1560 841 1599 896 ab
1623 857 1663 896 eo
1680 857 1780 912 poenas

109 939 203 991 tentes
218 938 313 1001 orent,
326 932 377 1006 fiat
390 933 513 987 ιειιάειιε
535 934 566 988 in
576 940 725 1004 peccatum,
741 932 858 994 scilicet,
874 932 912 987 ad
961 946 1013 1001 pro
1030 930 1110 985 omni
1128 930 1288 985 substantia
1303 929 1357 985 sibi
1373 929 1539 986 commissa.
1554 929 1696 985 Christus
1711 929 1779 984 scili·

108 1025 163 1079 hoe
190 1021 360 1096 poenitentia
385 1022 446 1092 ejus
473 1022 524 1076 fiat
551 1025 584 1075 ut
601 1038 631 1076 se
651 1021 816 1093 suspendat,
833 1020 911 1093 quod
961 1017 1083 1086 εει,ἰάεο
1093 1034 1210 1088 poeoam
1223 1017 1399 1090 exigat,quia
1409 1018 1603 1074 substantiam
1611 1018 1777 1073 intellectus

108 1112 310 1185 gravissimum
325 1113 476 1182 peccatum
500 1110 564 1164 erit.
582 1107 687 1164 Scribit
702 1110 780 1164 enim
796 1112 911 1164 sanctus
961 1109 990 1161 ει
1012 1107 1141 1178 quinque
1166 1123 1314 1174 sensuum,
1332 1123 1421 1178 qnam
1441 1106 1467 1161 ei
1485 1107 1776 1176 accommodaverat,

106 1201 296 1273 Hieronymus
305 1199 409 1254 ludam
424 1198 516 1269 magis
532 1198 583 1254 Dei
601 1198 786 1253 clementiam
808 1198 837 1252 in
853 1215 911 1252 sus·
961 1196 1154 1266 multiplicare
1180 1196 1318 1268 neglexit.
1345 1195 1480 1250 Diabolus
1507 1200 1621 1264 autem,
1640 1213 1680 1252 eo
1701 1197 1775 1270 quod

106 1288 212 1362 pendia
229 1287 271 1343 sni
287 1283 439 1344 offendisse
456 1302 544 1358 quam
563 1284 592 1339 in
610 1286 714 1340 Christi
731 1286 908 1357 proditione.
959 1283 1149 1339 substantiam
1163 1289 1346 1356 peccatorum
1358 1300 1446 1356 quam
1459 1284 1512 1341 sibi
1525 1285 1776 1353 accommodarit,

105 1378 154 1432 Vel
166 1375 272 1444 oratio,
285 1375 313 1430 id
335 1378 378 1429 est
392 1374 501 1445 optatio
515 1374 576 1444 ejus
589 1389 676 1444 quam
696 1389 762 1428 cum
777 1374 909 1431 oratione
960 1370 1152 1444 multiplicare
1168 1372 1287 1444 sategit:
1301 1371 1341 1426 Et
1355 1389 1415 1427 non
1429 1374 1522 1428 solum
1531 1375 1659 1440 hoc,sed
1668 1373 1728 1428 etsi
1740 1375 1775 1429 ad

106 1466 202 1533 iaciat,
218 1465 269 1518 fiat
282 1463 407 1519 tendens
419 1463 449 1515 in
465 1464 626 1532 peecatum,
643 1461 751 1517 scilicet
776 1463 848 1516 nihil
862 1480 910 1535 op·
959 1458 1233 1532 aliquabonaopera
1244 1461 1689 1534 laboraverit,malignispiritus
1703 1463 1774 1518 adeo

106 1555 159 1621 tet,
176 1551 230 1607 nisi
258 1551 335 1624 quod
365 1551 400 1605 ad
416 1553 566 1620 peccatum
583 1550 704 1617 attinet;
721 1553 749 1604 et
771 1549 909 1622 fiootdias
959 1547 1115 1603 alicniiaeli
1130 1549 1264 1620 diripiant
1279 1549 1526 1620 illoslaboresejua‚
1544 1550 1634 1605 idest
1647 1551 1775 1623 eripiant

106 1644 166 1713 ejas
175 1642 265 1712 pauci,
280 1640 308 1695 id
325 1643 367 1694 est
381 1638 478 1709 paucis
491 1638 590 1694 diebus
606 1639 690 1693 vivat.
708 1640 747 1693 Na
760 1656 827 1694 vero
843 1656 908 1711 gra·
960 1634 986 1688 ei
1001 1637 1150 1692 cumulum
1157 1638 1302 1692 malorum
1316 1638 1504 1703 fructuum,id
1513 1642 1556 1693 est
1567 1638 1774 1694 laboremillo·

107 1729 160 1784 dus
188 1729 367 1801 apostolatus
388 1727 448 1797 ejus
464 1729 583 1799 propter
598 1727 659 1796 ejus
670 1730 782 1781 reatum
797 1726 907 1782 videre·
921 1718 946 1778 B
958 1739 1023 1777 rum
1040 1741 1159 1795 operum
1174 1727 1328 1780 honorum.
1341 1726 1496 1794 Scrutatur,
1512 1726 1650 1798 inquam,
1664 1728 1774 1796 senera-

105 1821 153 1873 tur
167 1817 211 1871 sic
224 1833 284 1872 esse
299 1815 503 1870 dehonestatus
514 1817 546 1869 ut
560 1816 653 1869 nullus
668 1814 699 1869 in
712 1815 773 1886 ejus
787 1816 850 1870 loco
862 1815 909 1870 de·
958 1817 1000 1866 tor
1011 1828 1113 1865 omnem
1125 1813 1300 1867 ructuantium
1313 1815 1412 1885 ejus‚et
1424 1815 1493 1869 tunc
1505 1831 1559 1868 non
1571 1822 1606 1869 art
1620 1815 1776 1889 ilhaliquis

104 1906 188 1960 heret
203 1903 346 1972 substitui,
361 1903 443 1959 addit
454 1909 479 1957 et
490 1905 669 1975 apocopatam
681 1903 748 1974 ejas,
770 1903 799 1958 id
814 1906 910 1958 estsu·
959 1903 1124 1955 sanctorum
1138 1901 1257 1970 adjutor,
1273 1903 1322 1973 qui
1340 1918 1392 1975 pro
1406 1919 1440 1958 eo
1458 1903 1654 1975 interpellet3
1679 1921 1728 1960 nec
1741 1908 1775 1960 cit

104 1994 225 2050 blimem
251 1992 375 2064 gradum
406 1993 581 2062 apostolatus
601 1991 672 2061 ejus.
697 1993 813 2061 accipiat
832 1991 908 2069 alter,
960 1985 1063 2058 aliquis
1077 1992 1242 2043 sanctorum
1268 1989 1316 2060 qui
1333 1989 1512 2047 orationihus
1536 1991 1596 2046 suis
1610 1994 1776 2048 rraaereotur

106 2082 213 2138 scilicet
237 2079 356 2135 Mathias
383 2078 459 2148 (Act.
487 2094 565 2145 xvxn,
594 2079 646 2150 to).
674 2079 728 2133 Per
742 2079 797 2133 hoc
816 2078 912 2133 innuit
954 2076 1140 2148 pupillisejus
1159 2078 1526 2152 ludaeis,scilicetquiejus
1536 2081 1588 2135 filii
1604 2082 1773 2139 existendo.

107 2169 246 2243 quoniam
260 2167 290 2222 in
302 2165 911 2239 gradunndeexpellunlnrindignipreclari,
962 2164 1033 2217 lient
1048 2181 1065 2218 a
1079 2165 1136 2220 lieo
1152 2166 1236 2220 Patre
1252 2166 1364 2237 pupilli.
1393 2168 1427 2222 at
1441 2169 1509 2237 fiant
1524 2168 1578 2239 ipsi
1590 2169 1689 2226 ludaei
1703 2171 1775 2240 nati,

109 2258 160 2314 alii
186 2256 235 2329 qui
251 2255 331 2327 digni
346 2255 414 2322 sint,
436 2254 544 2310 debent
556 2254 700 2310 substitui.
716 2255 783 2326 Agit
798 2272 912 2327 qnoque
961 2250 1043 2304 idest
1052 2251 1104 2320 filii
1110 2252 1203 2322 ejusr'n
1212 2255 1360 2322 interitum,
1372 2254 1401 2308 id
1410 2257 1453 2310 est
1459 2256 1775 2326 perejustiliationem

107 2345 269 2403 concessive
283 2343 318 2398 do
330 2342 514 2398 inimieorum
528 2342 697 2398 ludaeorum
712 2343 910 2413 damnatione,
962 2339 1178 2413 praecipitentur
1192 2340 1222 2396 in
1238 2341 1388 2397 interitum
1408 2346 1567 2399 aeternum:
1593 2363 1697 2400 nomen
1717 2349 1776 2419 ejus

107 2434 267 2509 quosludae
279 2434 387 2487 sslioset
397 2448 515 2486 uxorem
530 2434 672 2504 vocatper
682 2432 910 2490 similitudinem.
961 2427 1040 2482 Judae
1053 2428 1181 2496 deleatur,
1194 2429 1224 2483 id
1240 2431 1282 2483 est
1301 2430 1464 2485 destruatur
1479 2435 1583 2487 utnon
1598 2434 1637 2488 sit
1653 2435 1686 2489 in
1700 2436 1775 2491 libro

112 2523 198 2579 Filios
212 2521 340 2593 quidem,
354 2536 388 2574 eo
403 2519 482 2591 quod
494 2522 563 2574 tune
574 2520 610 2574 ah
626 2536 660 2575 eo
675 2524 741 2574 sunt
754 2520 783 2575 in
794 2524 910 2591 peccam
961 2515 1127 2584 viventium,
1143 2517 1220 2588 quod
1236 2517 1274 2572 ihi
1290 2518 1430 2589 scripturn
1441 2520 1658 2592 luit,quantum
1675 2524 1713 2579 ad
1725 2525 1775 2579 liei

107 2608 211 2683 geniti,
227 2624 294 2663 cum
323 2607 364 2662 eis
390 2606 557 2661 facultatem
579 2608 735 2662 Dominum
763 2608 910 2664 occidendi
962 2603 1187 2659 misericordiam
1197 2606 1271 2670 ;sed
1287 2606 1347 2676 ipse
1360 2606 1465 2662 delebit
1474 2624 1527 2680 por
1538 2609 1581 2663 sui
1594 2612 1774 2683 nequitiam.

108 2689 242 2765 ptoehnit.
268 2688 391 2742 Uxorem
420 2690 528 2754 autem,
558 2704 592 2741 eo
620 2688 698 2759 quod
726 2688 766 2742 illi
780 2689 911 2744 associati
961 2691 1100 2759 Dolenter,
1117 2693 1246 2764 inquam,
1261 2711 1354 2748 nomen
1369 2696 1436 2766 ejas,
1453 2701 1482 2750 et
1496 2697 1551 2751 hoc
1562 2699 1589 2750 in
1598 2703 1776 2767 generatione

107 2777 217 2834 fuerint
229 2774 913 2850 percontormitalemadmalaoperaprocreen-
961 2795 1028 2846 uria,
1044 2779 1073 2833 id
1097 2782 1139 2833 est
1166 2780 1195 2834 in
1220 2782 1410 2852 generatione
1427 2783 1483 2838 diei
1493 2784 1608 2855 judicii,
1626 2805 1696 2860 quar
1717 2806 1775 2844 una

108 2868 189 2935 dum,
205 2864 277 2920 sicut
291 2879 362 2919 uxor
375 2861 530 2917 associatur
544 2861 606 2918 viro
620 2863 656 2918 ad
667 2861 742 2919 filios
757 2880 911 2934 procreari·
962 2866 1078 2936 dieitur,
1090 2884 1124 2922 eo
1133 2868 1289 2939 quodtunc
1296 2871 1380 2941 justis
1391 2871 1548 2928 omnibus«
1560 2891 1728 2944 cornuum,
1745 2882 1775 2933 et

109 2957 170 3024 dos,
188 2969 252 3010 cum
266 2952 347 3026 prius
369 2950 603 3018 heidilonem,
625 2955 765 3007 aeternam
780 2953 833 3008 nisi
850 2971 947 3050 pec-G
963 2956 1061 3010 anima
1077 2974 1134 3011 una
1148 2956 1224 3025 (Act,
1240 2975 1277 3027 xv,
1292 2961 1345 3030 32).
1365 2982 1379 3009 »
1393 2961 1453 3015 Erit
1469 2963 1548 3017 enim
1576 2964 1658 3020 Deus
1672 2968 1775 3023 omnia

107 3045 220 3101 cessent
232 3040 433 3098 hereditatem
449 3040 593 3113 adepturi,
610 3043 638 3095 ει
650 3040 700 3095 Dei
710 3056 782 3097 uxor
795 3042 848 3096 sihi
861 3060 913 3114 per
962 3041 992 3096 in
1008 3043 1154 3097 omnibus.
1173 3045 1208 3099 Ut
1221 3049 1319 3100 autem
1334 3047 1394 3118 ipse
1406 3048 1493 3102 ludas
1509 3050 1775 3125 multipliciterpu-

108 3134 170 3205 ejus
185 3130 319 3187 notitiam
333 3129 371 3183 ad
382 3128 564 3200 procreanda
577 3129 654 3183 bona
670 3144 758 3200 opera
775 3133 910 3201 copulati.
962 3129 1204 3202 niatur,iniquitas
1213 3141 1324 3203 patriam
1339 3136 1561 3205 ejuacarnalium
1580 3141 1634 3211 qui
1647 3141 1774 3214 iniquis·

108 3221 166 3276 lloc
182 3223 277 3275 autem
297 3216 435 3272 sicdieit:
453 3215 762 3272 Concessivedeludae
793 3219 913 3274 damna·
961 3217 1026 3272 simi
1042 3219 1266 3288 fuerunt,rcdeat
1282 3225 1488 3292 inmemorr'am,
1512 3243 1576 3297 quae
1591 3228 1777 3286 modoride

108 3308 187 3363 tione
206 3307 263 3378 egi,
293 3303 459 3360 concessive
485 3304 641 3375 etiamago
660 3304 695 3359 de
724 3305 912 3375 damnatione
962 3307 1299 3376 turoblivionitradita3
1324 3314 1354 3365 ει
1379 3311 1420 3366 sic
1448 3313 1593 3368 redeatut
1610 3315 1694 3371 sitin
1710 3336 1776 3373 coo-

108 3394 237 3452 tiliorum
252 3395 323 3466 eius.
338 3391 433 3459 Fiant,
445 3390 552 3446 scilicet
564 3391 612 3446 ala·
623 3393 685 3463 ejus
695 3392 786 3449 ludaei
797 3395 913 3465 orphani
961 3400 1048 3476 spectu
1063 3393 1183 3463 Domini,
1198 3397 1306 3451 scilicet
1320 3399 1477 3471 conspiciat
1490 3417 1556 3456 eam
1573 3404 1734 3475 DominuS,
1746 3411 1779 3463 nt

110 3487 198 3539 alteo
215 3483 310 3548 Patre,
326 3479 406 3551 cujus
432 3477 622 3547 filiifuerunt,
638 3495 672 3535 eo
689 3482 767 3552 quod
785 3482 837 3537 filii
852 3484 913 3554 ejus
931 3501 933 3504 ’
963 3500 1028 3539 eam
1039 3483 1068 3536 in
1081 3484 1276 3553 ludapuniat,
1293 3487 1599 3562 eoquodipsospatres
1616 3492 1648 3547 in
1665 3494 1777 3567 iniqui·

108 3572 296 3636 ludaeerunt;
312 3574 337 3623 ct
349 3582 419 3621 uxor
429 3566 487 3637 ejus
510 3567 591 3637 plebs
605 3568 723 3624 ludaico
737 3569 788 3625 fiat
801 3571 881 3625 vidire
896 3589 913 3626 a
961 3573 1020 3627 tate
1035 3574 1221 3644 superaverit.

109 3662 168 3718 ileo
183 3675 250 3716 vero
265 3655 382 3724 marito,
398 3654 478 3726 cnjus
490 3671 561 3710 uxor
575 3655 640 3725 fuit,
657 3673 690 3713 eo
706 3658 783 3730 quod
798 3659 858 3731 ojus
868 3661 913 3714 Ju-
997 3661 1037 3716 Et
1041 3668 1181 3730 peccatum
1191 3664 1285 3716 reatris
1293 3663 1349 3731 ejus
1359 3665 1558 3738 carnalisque
1566 3669 1653 3725 valde
1669 3687 1776 3743 peeca-

31 3816 39 3828 .
109 3749 153 3805 dra
166 3763 237 3803 uxor
251 3744 402 3801 efficietur.
418 3743 481 3798 Non
492 3743 586 3799 solum
598 3761 667 3800 vero
681 3745 753 3801 siant
778 3749 910 3818 orphani,
961 3748 1016 3804 trix
1028 3749 1145 3817 exstitit,
1153 3767 1207 3804 non
1230 3750 1382 3806 detectura
1405 3756 1549 3810 memoria
1571 3759 1707 3830 Domini,
1724 3761 1777 3818 sed

108 3838 158 3894 sed
173 3840 202 3892 et
216 3834 418 3905 transferantur
433 3831 469 3886 de
491 3835 569 3888 terra
587 3850 635 3888 sua
660 3834 712 3903 filii
724 3835 791 3905 ejas,
808 3839 911 3892 etnon
962 3837 991 3894 in
1004 3837 1065 3909 ipso
1079 3839 1225 3909 puniatur.
1241 3840 1359 3896 Certum
1369 3845 1516 3900 astantem
1539 3847 1635 3901 iteum
1650 3855 1777 3920 peccata

108 3928 187 3981 situl
201 3926 267 3997 post
280 3922 407 3994 aliquem
421 3921 533 3974 certum
549 3921 645 3976 locum
659 3922 797 3990 habeant,
815 3924 865 3979 sed
881 3929 912 3980 ιιι
960 3930 1075 3998 patrum
1091 3926 1120 3981 in
1137 3927 1191 3981 illis
1204 3927 1269 3982 filiis
1298 3930 1412 3999 punire,
1435 3933 1483 4003 qui
1506 3938 1572 3988 sunt
1586 3937 1728 4004 patribus
1744 3942 1774 3996 jn

108 4015 165 4070 sint
178 4027 293 4082 semper
307 4015 440 4074 nutantes,
461 4007 547 4063 idest
566 4009 636 4064 nulli
651 4011 715 4065 loco
731 4012 854 4067 tirmiter
868 4012 911 4067 in·
960 4013 1110 4084 iniquitate
1119 4014 1293 4083 conformes,
1306 4017 1464 4087 juxtaillud
1476 4036 1514 4092 :a
1525 4021 1652 4080 visitans
1662 4025 1774 4098 iniqui·

107 4102 252 4166 herentes
263 4105 287 4152 et
300 4096 460 4163 masticant,
473 4095 504 4151 id
526 4100 569 4152 εει
584 4114 699 4171 semper
715 4115 769 4170 ope
794 4101 911 4157 alterius
958 4103 1048 4156 tatem
1062 4105 1176 4173 patrum
1192 4103 1222 4157 in
1235 4103 1299 4159 filiis
1314 4107 1446 4178 usquein
1463 4109 1617 4165 tertiamet
1631 4120 1774 4184 quartam

107 4193 223 4268 egeant.
295 4209 297 4212 ·
960 4192 1180 4262 generationem
1198 4190 1299 4261 (Ia'cocl,
1321 4181 1424 4265 rastil.
1442 4214 1457 4248 ε
1482 4197 1599 4252 Certum
1616 4200 1712 4256 etiam
1729 4208 1773 4259 est

144 4282 216 4348 Quia
232 4294 302 4334 vero
319 4275 437 4348 possent
451 4271 601 4329 transferri
614 4275 658 4329 vel
673 4274 740 4331 dolo
756 4279 798 4332 vel
818 4266 948 4350 quali-D
962 4279 1053 4332 Deum
1067 4277 1097 4332 in
1113 4278 1170 4334 illis
1185 4279 1251 4334 filiis
1261 4284 1376 4350 patrum
1386 4288 1504 4353 peccata
1516 4302 1574 4340 non
1589 4289 1771 4364 punire,qui

107 4375 157 4430 het
169 4371 227 4427 alio
242 4367 343 4435 modo,
358 4363 459 4421 addit:
474 4362 513 4417 Ει
525 4362 565 4417 sic
580 4362 643 4419 dieo
657 4367 866 4435 transferentur,
881 4373 913 4424 ut
962 4366 1039 4421 bono
1055 4365 1136 4438 operi
1153 4372 1295 4436 vacantes,
1307 4369 1435 4441 patribus
1446 4370 1474 4426 in
1489 4372 1642 4444 iniquitate
1651 4381 1772 4436 contor-

107 4461 136 4517 vi
148 4477 165 4514 a
177 4454 314 4513 llomanis
324 4455 465 4526 ejicientur
479 4451 513 4506 de
532 4451 739 4508 habitationibus
760 4456 823 4510 ruis.
837 4458 871 4511 Et
882 4457 911 4512 io
963 4456 1037 4511 mari
1051 4459 1252 4512 contemnunt.
1269 4459 1349 4513 Unde
1371 4476 1424 4532 per
1435 4464 1623 4534 prophetam:
1640 4489 1654 4516 a
1680 4469 1772 4527 Fufius

109 4548 207 4603 futuro
234 4549 376 4610 sectetur,
406 4541 436 4596 id
453 4543 496 4595 est
513 4539 611 4613 exigat
631 4540 768 4610 fenerator
784 4542 913 4601 diabolus
963 4561 1021 4600 non
1038 4546 1769 4631 portabitiniquitatempatris(Erech.xr111,20).»

108 4649 213 4689 ornnem
226 4631 405 4686 substantiam
420 4629 488 4699 ejus,
517 4628 545 4683 id
560 4631 603 4683 est
617 4633 734 4700 peccata
754 4649 813 4687 non
836 4636 914 4706 quod
963 4635 1119 4704 Peccatum,
1134 4634 1266 4708 inquam,
1280 4639 1373 4691 matra
1385 4655 1439 4692 aon
1452 4640 1579 4710 deleatur,
1591 4644 1644 4700 sed
1654 4645 1769 4720 iniqui.

108 4723 225 4793 peccota
233 4718 290 4775 sint
300 4715 521 4784 substantia‚sed
529 4716 566 4772 ad
573 4716 793 4775 similitudinem
804 4721 912 4777 dictum
963 4723 1007 4777 tas
1021 4725 1136 4794 patrum
1150 4726 1179 4778 ει
1191 4728 1342 4794 peccatum
1364 4728 1465 4782 matris
1475 4730 1544 4799 fiant
1556 4747 1658 4803 seraper
1672 4742 1771 4791 contra

109 4794 209 4880 440
234 4810 289 4876 εει,
304 4822 338 4862 εο
352 4803 429 4878 quod
435 4804 506 4858 sicut
518 4803 666 4859 fenerator
675 4806 776 4878 aliquis
783 4808 914 4866 substan-
963 4810 1120 4880 Dominum,
1136 4811 1223 4868 idest
1238 4830 1336 4870 coram
1350 4815 1485 4886 Domino,
1499 4823 1575 4874 ntea
1587 4836 1649 4875 non
1666 4823 1772 4881 oblini.

107 4898 179 4952 tiam
185 4911 267 4952 suam
276 4895 313 4950 ad
323 4909 440 4949 usuram
451 4891 695 4960 dat,itadiabolus
705 4910 771 4950 cum
782 4897 914 4954 substan·
964 4902 1059 4953 scatur
1071 4916 1089 4954 a
1101 4899 1290 4958 similitudine
1301 4903 1354 4972 rei,
1364 4889 1467 4961 contra
1475 4908 1571 4964 oculos
1581 4910 1771 4986 positae‚qute

107 4984 179 5040 tiam
193 4983 283 5039 aliam
310 4997 369 5038 noo
394 4980 510 5048 haheat,
526 4983 645 5052 peecata
660 4981 777 5054 ingerit,
795 4987 826 5039 ut
847 4985 914 5042 inde
964 5002 1024 5042 non
1038 4986 1121 5043 facile
1137 4988 1377 5052 oblivionidatur.
1390 4992 1430 5050 lit
1444 4997 1570 5051 maneria
1583 5013 1679 5054 corum
1691 4999 1770 5059 filio·

107 5087 224 5146 poeuam
240 5069 380 5142 exigalin
399 5068 507 5124 futuro·
537 5067 606 5133 011ae
636 5068 740 5125 dicitur
756 5087 851 5144 utura,
879 5089 913 5130 eo
963 5077 1122 5134 rumJudae
1137 5078 1269 5152 dispereat
1289 5082 1321 5137 de
1336 5089 1406 5138 terro
1421 5084 1587 5154 viventium,
1604 5091 1769 5159 quamsibi

107 5158 287 5234 quodipsum
302 5157 396 5212 faenus
409 5155 521 5227 peccati
536 5155 664 5226 excedat,
681 5174 747 5214 cum
763 5165 912 5232 peccatum
962 5169 1072 5223 temere
1086 5167 1256 5238 attribuunt,
1269 5174 1301 5225 ul
1315 5188 1368 5228 nec
1380 5174 1521 5229 memoria
1535 5190 1639 5232 eorum
1654 5177 1698 5234 ibi
1714 5182 1773 5239 ha.

106 5250 142 5306 ad
161 5250 275 5317 tempus
285 5243 332 5312 sit,
343 5248 372 5300 ει
386 5243 447 5317 ipsa
462 5249 582 5302 aeterna.
597 5247 913 5321 Deusquoquefenera-
961 5255 1074 5324 beatur,
1089 5259 1119 5311 et
1132 5256 1187 5312 hoc
1202 5258 1238 5314 de
1251 5260 1434 5317 ludacttiliis
1443 5262 1504 5333 ejus
1515 5265 1656 5335 concedo,
1670 5285 1730 5340 pro
1741 5288 1771 5328 eo

106 5344 153 5394 tor
165 5335 278 5402 dicitur,
297 5333 420 5405 eoquod
435 5334 626 5391 substantiam
639 5352 721 5392 snam
741 5338 778 5393 ad
793 5356 909 5399 usuram
960 5343 1099 5417 quod'non
1110 5352 1147 5402 cst
1157 5346 1244 5403 ludas
1258 5349 1419 5420 recordatus,
1445 5351 1474 5406 id
1488 5355 1530 5407 εει
1550 5369 1610 5409 non
1626 5360 1770 5417 reeorda-

105 5421 329 5491 acoommodat;
345 5421 394 5477 dat
407 5421 538 5478 videlicet
552 5423 767 5482 intellectumet
779 5428 908 5502 quinque
958 5432 1047 5505 bitur,
1063 5450 1116 5490 nee
1139 5433 1200 5508 ipse
1222 5453 1276 5493 nec
1291 5437 1342 5494 filii
1357 5439 1418 5511 ejus
1434 5441 1522 5512 socae
1538 5444 1768 5522 misericordiam,

103 5526 207 5574 sensus
218 5508 357 5583 eorporis,
369 5512 510 5567 uteorum
519 5511 614 5571 officio
626 5513 772 5574 honorum
784 5531 906 5595 operum
956 5539 1028 5600 erga
1041 5541 1090 5582 ιιιε
1104 5525 1262 5589 hominum
1275 5531 1305 5586 ει
1317 5531 1421 5602 Deum,
1440 5531 1490 5607 qui
1504 5534 1548 5591 tot
1564 5534 1606 5592 eis
1619 5536 1777 5613 beneficia
