3772 5976
85 301 133 359 vn
416 263 420 270 ’
865 303 955 360 acra
1697 324 1753 383 vna

84 426 164 483 riora
176 426 333 499 pertinent,
356 428 424 484 satis
445 445 505 483 esse
520 444 572 500 pro
587 430 663 483 voto.
683 429 789 483 Verum
803 428 892 483 etiam
907 444 1005 506 Aaou
1023 431 1109 497 vales,
1127 430 1296 490 inimicitias
1309 452 1441 493 exercere
1462 441 1491 494 te
1512 443 1755 521 velletNunquid
1835 462 1838 468 ·

85 515 211 587 operior,
237 515 399 589 supplicans
413 517 514 572 divinae
531 516 734 572 misericordias
757 533 890 583 manum,
944 516 1079 572 tortiores
1094 519 1142 574 illo
1160 523 1279 578 sumus?
1299 525 1443 597 Nunquid,
1458 529 1524 600 quia
1539 532 1677 601 patientia
1692 539 1753 609 pie·

85 621 149 677 qnae
166 621 268 659 omnes
292 605 442 660 inferiores
458 609 539 661 sanet
555 605 737 660 infirmitates
756 621 845 670 meas,
861 609 891 660 et
943 605 1012 684 tatis
1027 624 1085 661 suae
1103 625 1155 663 nos
1169 612 1258 666 modo
1274 613 1310 667 ad
1324 616 1524 686 poeniteutiam
1544 628 1692 693 provocat,
1708 626 1751 683 in·

84 695 170 749 satiet
185 693 214 748 in
231 693 313 749 honis
326 695 499 749 desiderium
516 711 625 749 meum.
636 696 666 748 ln
679 694 782 749 sinibus
792 697 890 749 autem
938 690 1029 748 turias
1046 701 1235 769 contemptus
1250 702 1370 758 taudem
1387 721 1445 759 non
1459 707 1627 765 ulciscetur?

86 784 223 839 Calabria
246 800 310 838 cum
327 785 463 839 tratribus
484 782 634 854 religiosis,
649 787 678 837 et
692 783 801 854 aliquot
815 784 890 839 bene
978 784 1116 849 68606ἰά
1128 788 1433 862 enimestperversius‚
1444 795 1513 867 quid
1524 800 1583 852 tam
1594 801 1750 875 rationem,

84 871 204 926 eruditis
224 872 282 943 (qui
298 872 327 926 in
342 872 658 945 excubiispersistentes
677 872 779 926 divinis
792 889 889 943 exspe-
940 873 1080 943 justitiam
1108 876 1257 949 ipsamque
1287 886 1421 937 naturam
1454 901 1636 957 oppugnans,
1663 910 1750 964 quam

83 964 164 1016 etant
177 960 301 1015 reditum
310 961 424 1015 Domini
438 962 539 1029 sui,ut,
548 962 893 1032 compulsavcrit,confe·
942 965 1105 1018 creaturam
1121 967 1184 1036 plus
1195 967 1315 1039 diligere
1328 986 1416 1040 qnam
1428 974 1591 1031 Factorem?
1600 978 1673 1043 Quid
1680 1000 1750 1055 ergo

83 1049 150 1104 stim
168 1050 299 1120 aperiant
312 1050 348 1120 ei)
362 1067 494 1104 eremum
511 1050 615 1116 incolo,
630 1050 667 1104 ah
682 1050 892 1104 hominumha·
943 1051 1088 1119 agendum
1103 1070 1210 1120 censes,
1228 1056 1415 1115 charissime?
1430 1061 1503 1124 Quid
1519 1065 1572 1118 nisi
1586 1067 1688 1124 divinis
1703 1088 1749 1127 ce-

82 1138 225 1193 bitatione
238 1138 305 1191 satis
320 1138 447 1210 undiquc
463 1142 617 1192 remotam.
628 1140 667 1193 [le
678 1138 758 1207 cujus
769 1139 889 1193 amoeni·
942 1138 1010 1192 dere
1032 1142 1167 1208 consiliis,
1182 1146 1285 1199 cedere
1297 1148 1422 1216 veritati,
1436 1168 1499 1222 quae
1515 1152 1615 1210 tallere
1630 1174 1688 1213 nan
1696 1176 1749 1231 po·

83 1230 142 1281 tate
158 1226 289 1298 aerisque
305 1227 446 1297 temperie
456 1228 485 1281 et
500 1226 635 1297 sospitato
647 1228 690 1281 vel
701 1226 819 1297 planitie
831 1243 891 1280 am·
941 1228 1018 1280 test?
1034 1228 1162 1284 Consulit
1176 1249 1302 1305 namque
1315 1234 1345 1289 in
1360 1253 1516 1293 commune
1529 1240 1625 1296 dicens
1642 1260 1648 1298 :
1664 1269 1678 1295 a
1695 1247 1748 1302 Ve-

84 1317 132 1386 pla
146 1318 176 1368 et
186 1314 364 1386 grata,inter
378 1315 531 1369 montesio
547 1317 668 1386 longum
685 1318 827 1386 porrecta,
841 1315 889 1370 ubi
941 1337 955 1364 u
973 1316 1032 1370 uite
1049 1317 1084 1371 ad
1096 1335 1144 1371 me
1158 1336 1268 1387 omnes,
1286 1324 1335 1393 qui
1349 1325 1486 1380 laboratis
1498 1331 1527 1382 et
1542 1333 1653 1386 onerati
1670 1336 1747 1405 estis,

82 1408 150 1459 sunt
165 1403 287 1458 virentia
303 1406 421 1473 prataet
431 1404 534 1458 llorida
549 1420 664 1474 pascua,
681 1404 749 1475 quid
766 1404 888 1474 dignum
941 1426 955 1453 ι(
971 1408 1065 1476 elego
1081 1407 1209 1463 reficiam
1223 1426 1288 1478 vos;
1303 1433 1316 1458 »
1334 1413 1434 1468 Nonne
1450 1417 1590 1485 pessimus
1601 1425 1630 1474 et
1640 1422 1748 1482 inutilis

82 1493 198 1548 dicam?
213 1494 269 1545 hut
284 1491 401 1546 collium
417 1492 543 1562 undique
559 1509 588 1546 se
604 1492 707 1546 leniter
714 1491 888 1562 erigentium
939 1496 982 1546 est
996 1495 1088 1562 labor,
1104 1498 1334 1568 concupiscentia
1358 1500 1491 1570 distendi,
1512 1507 1633 1563 sollicitu
1653 1511 1748 1570 inibus

82 1584 269 1654 prospectum
289 1596 503 1651 opacarumque
522 1580 639 1634 vallium
659 1596 803 1634 recessum
821 1595 887 1634 cnm
939 1585 968 1635 et
991 1583 1191 1651 anxietatibus,
1213 1586 1319 1641 timore
1335 1592 1364 1642 et
1379 1590 1489 1658 dolore,
1513 1610 1566 1664 pro
1588 1601 1747 1671 concupitis

81 1667 200 1724 amabili
215 1667 381 1734 fluminum,
398 1668 526 1722 rivorum
542 1667 655 1722 lontiun
669 1684 724 1738 que
735 1667 817 1738 copia
825 1667 888 1740 quis
938 1671 1115 1727 incessanter
1142 1675 1255 1746 afiligi?
1271 1676 1354 1740 Quod
1377 1694 1443 1733 vcro
1462 1696 1533 1736 onus
1555 1688 1599 1738 est
1620 1689 1744 1759 gravius,

80 1756 259 1812 sufficienter
271 1756 412 1827 explicet?
428 1756 483 1810 h'ec
502 1755 602 1826 irrigui
622 1755 725 1809 desunt
739 1756 826 1821 horti,
843 1756 885 1811 di·
902 1761 1026 1831 Bquam
1037 1762 1115 1832 quod
1128 1765 1258 1817 mentem
1275 1766 1420 1821 asuhlimi
1435 1767 1584 1839 dignitatis
1601 1791 1659 1830 suae
1679 1795 1746 1836 arce

80 1861 287 1916 versatumque
308 1845 446 1899 arborum
469 1844 610 1899 fertilitas.
625 1844 730 1898 Verum
753 1844 822 1915 quid
844 1844 887 1899 his
938 1849 968 1903 in
982 1849 1098 1905 infirma
1112 1851 1259 1921 deprimit,
1277 1854 1354 1924 quod
1370 1858 1412 1908 est
1424 1855 1563 1926 injustitia
1574 1863 1746 1922 omnisrru-

81 1935 189 1989 diutius
203 1933 367 1988 immoror?
381 1934 444 1987 Alia
458 1933 564 2005 qnippe
590 1935 656 1987 sunt
675 1933 888 1987 oblectamenta
939 1955 974 2010 ge
989 1954 1069 2009 ergo,
1086 1938 1176 1993 trater
1193 1939 1243 2006 mi,
1261 1940 1329 2011 iuge
1345 1942 1397 1996 has
1411 1945 1557 2000 molestias
1572 1951 1600 2002 et
1615 1951 1746 2012 miserias

79 2023 131 2078 viri
147 2022 306 2094 prudentis,
316 2022 598 2093 gratioraetutiliora
611 2021 885 2092 valde,quiadivina.
939 2043 1052 2093 omnes,
1067 2030 1096 2081 ct
1111 2027 1277 2082 transferte
1294 2046 1310 2082 a
1325 2032 1497 2101 tempestate
1509 2034 1590 2106 hujni
1603 2041 1704 2095 mnndi
1714 2043 1743 2100 in

79 2112 288 2166 Verumtamen
305 2110 419 2166 arctiori
427 2110 889 2182 disciplina,studiisqnespiritua-
939 2119 1031 2171 tutam
1050 2120 1078 2171 et
1099 2117 1227 2188 quietam
1250 2122 1349 2190 portus
1363 2119 1529 2176 stationem.
1551 2123 1633 2181 Novit
1655 2131 1743 2188 etiam

79 2201 153 2257 libus
160 2200 275 2255 animus
282 2200 576 2272 infirmiorlatigatus,
584 2199 687 2271 saepius
694 2199 737 2253 his
747 2201 889 2254 relevatur
939 2205 1094 2276 prudentia
1103 2204 1234 2276 tua,quid
1243 2206 1326 2260 uobis
1337 2206 1483 2277 Sapientia
1491 2209 1576 2266 dicat.
1589 2237 1603 2262 «
1615 2215 1672 2271 Nisi
1680 2219 1744 2291 quis

84 2306 116 2344 ac
131 2287 264 2360 respirat,
280 2291 368 2343 meus
382 2289 493 2344 enimsi
508 2289 620 2343 assidue
627 2288 887 2354 sittensus,remis·
941 2315 955 2344 ι(
972 2293 1179 2349 renuntiaverit
1192 2293 1337 2360 omuibus,
1350 2311 1413 2365 quas
1421 2297 1560 2367 possidet,
1575 2318 1634 2357 non
1651 2308 1745 2376 potest

80 2378 140 2433 sior
153 2381 206 2444 est,
223 2381 252 2432 et
262 2378 357 2432 minus
368 2378 405 2432 ad
415 2377 543 2433 officium
558 2381 650 2449 aptus.
660 2376 733 2441 Quid
742 2394 808 2431 vero
820 2378 889 2431 soli·
942 2404 955 2432 a
970 2399 1052 2436 meus
1068 2399 1129 2437 esse
1150 2382 1313 2452 discipulus.
1338 2382 1447 2446 »Quod
1469 2403 1556 2456 quam
1579 2392 1742 2464 pulchrum,

79 2466 150 2523 tudo
165 2468 313 2539 eremique
328 2466 474 2521 silentium
497 2467 673 2521 amatoribus
688 2466 745 2520 suis
760 2465 888 2521 utilitatis
941 2472 1079 2542 quamsit
1097 2470 1176 2537 utile,
1195 2487 1340 2542 quamque
1351 2471 1513 2540 jucundum
1527 2474 1557 2528 in
1572 2477 1670 2534 schola
1683 2482 1744 2553 ejus

77 2556 325 2628 jucunditatisque
340 2556 480 2621 conterat,
497 2559 605 2609 norunt
616 2554 646 2608 hi
660 2556 763 2621 solum,
776 2555 824 2625 qui
840 2570 887 2608 ex·
939 2559 991 2612 sub
1007 2558 1158 2629 disciplina
1173 2558 1294 2630 Spiritus
1307 2559 1335 2613 S.
1346 2575 1475 2626 manere,
1491 2560 1616 2620 divinam
1628 2568 1744 2639 adipisci

80 2644 243 2714 pertisunt.
261 2644 310 2698 llic
326 2660 452 2715 namque
473 2643 539 2697 viris
562 2643 686 2698 strenuis
710 2648 770 2697 tam
792 2643 887 2697 redire
938 2647 1241 2719 philosophiamque
1261 2648 1322 2701 sola
1336 2647 1386 2701 dat
1401 2648 1610 2707 beatitudinem
1634 2672 1742 2726 veram,

80 2733 110 2787 in
127 2750 157 2787 se
173 2733 249 2798 licet,
263 2749 350 2804 qnam
365 2734 451 2798 libct;
474 2734 503 2786 et
525 2732 654 2786 habitare
675 2749 783 2797 secum,
799 2733 885 2786 virtu·
939 2736 1002 2807 quis
1018 2751 1077 2789 non
1093 2734 1209 2788 videat?
1232 2735 1413 2807 Quapropter
1437 2752 1533 2808 operoe
1548 2741 1673 2810 pretium
1689 2750 1741 2815 est,

78 2826 201 2893 tumque
209 2821 491 2892 germinainstanter
507 2822 645 2887 excolere,
662 2825 747 2892 atque
761 2821 796 2874 de
807 2836 887 2890 para·
937 2823 1069 2893 diligenti
1085 2823 1297 2878 examinatione
1312 2824 1497 2895 prudentiam
1513 2829 1593 2882 tuam
1609 2829 1663 2886 ista
1676 2849 1742 2903 per·

80 2910 134 2966 disi
149 2910 269 2964 feliciter
284 2910 423 2964 fructibus
438 2909 487 2964 nti.
503 2909 551 2962 llic
564 2910 662 2963 oculus
676 2910 725 2963 illo
741 2907 885 2979 conquiri·
938 2912 1075 2982 pendere;
1088 2910 1165 2982 quod
1176 2910 1346 2965 siamorliei
1357 2915 1385 2966 te
1401 2929 1459 2967 non
1474 2914 1585 2983 invitat,
1593 2923 1742 2979 tantorum

79 3002 138 3065 tur,
152 2999 232 3067 cujus
242 2997 764 3068 serenointuituvulueraturSponsns
774 3013 884 3064 amore,
937 3000 1127 3071 praemiorum
1144 2998 1250 3053 utilitas
1263 3002 1291 3053 te
1306 3016 1364 3053 non
1381 3006 1634 3072 provocat,saltem
1647 3025 1744 3066 neces·

80 3103 139 3158 quo
160 3087 269 3141 mundo
287 3089 315 3141 et
328 3103 400 3159 puro
425 3086 599 3157 conspicitur
620 3088 703 3140 Deus.
724 3086 772 3140 Hic
793 3085 885 3140 otium
903 3088 1004 3167 csitas
1020 3091 1049 3141 et
1065 3088 1152 3142 timor
1169 3103 1320 3158 poenarum
1342 3087 1378 3141 ad
1398 3089 1452 3143 hoc
1470 3094 1628 3164 compllcre
1645 3096 1740 3155 debet.

79 3174 241 3229 celebratur
248 3174 612 3247 negotiosum,etinquieta
620 3174 883 3246 pausaturactioue.
973 3179 1036 3230 687.
1048 3175 1252 3246 Scisuamque,
1263 3192 1319 3247 qua
1336 3177 1489 3247 sponsione
1500 3180 1643 3251 obligatus
1658 3201 1697 3253 es,
1712 3190 1743 3242 et

116 3265 178 3317 686.
196 3263 245 3317 llic
269 3280 321 3336 pro
345 3263 508 3317 certaminis
534 3265 631 3317 labore
655 3267 790 3334 repensat
812 3265 886 3317 Dens
936 3281 1023 3336 qnam
1039 3264 1224 3334 omnipotens
1245 3267 1288 3318 est
1305 3279 1337 3318 ac
1360 3265 1495 3320 terribilis
1510 3267 1555 3334 sit,
1571 3269 1616 3324 cui
1636 3275 1741 3328 temet·

78 3352 193 3406 athletis
207 3351 263 3406 suis
286 3351 450 3407 mercedem
472 3355 613 3423 optatam,
627 3368 728 3422 pacem
742 3351 884 3418 videlicet,
936 3355 1030 3424 ipsum
1040 3353 1743 3426 munusgratumetomninoacceptabiledevovis·

77 3457 168 3512 quam
183 3441 308 3494 mundus
323 3440 450 3511 ignorat,
471 3444 499 3494 et
520 3441 656 3510 gaudium
681 3440 709 3493 in
732 3439 839 3511 Spiritu
855 3439 883 3493 S.
936 3440 1627 3513 ti;cuinecmentirilicet,necexpedit.Necenim
1634 3450 1743 3520 patitur

78 3528 144 3582 Hace
166 3531 209 3581 est
224 3528 271 3582 illa
292 3528 395 3582 Rachel
417 3528 554 3594 formosa,
578 3529 696 3598 pulchra
718 3530 843 3599 aspectu,
868 3543 885 3580 a
936 3531 1025 3585 inulte
1041 3547 1070 3584 se
1086 3529 1208 3584 irrideri.
1225 3529 1427 3585 Reminiscitnr
1442 3532 1741 3608 quippedilectiotua,

78 3615 166 3671 Jacob
177 3618 240 3687 plus
255 3616 369 3681 dilecta,
382 3616 683 3672 licetminusfiliorum
699 3617 786 3682 ferax,
797 3631 884 3687 quam
936 3618 1023 3690 quod,
1038 3635 1104 3672 cum
1120 3634 1174 3689 ego
1188 3621 1217 3671 et
1231 3621 1261 3671 tu
1276 3622 1304 3671 et
1321 3619 1604 3678 Fuleiusldonocnlus
1615 3627 1742 3697 quadam

80 3703 128 3758 Lia
143 3705 304 3771 fecundior,
319 3705 369 3760 sed
384 3706 471 3777 lippa.
480 3705 630 3760 Pauciores
643 3705 720 3759 enim
733 3708 800 3758 sunt
815 3720 883 3759 con·
936 3707 982 3761 die
997 3707 1080 3760 simul
1089 3706 1275 3760 fuissemusin
1283 3707 1536 3776 hortuloajacentl
1547 3710 1646 3767 domui
1661 3715 1741 3784 Adae,

79 3793 286 3865 temptationis,
303 3811 391 3865 qnam
408 3794 527 3849 actionis
542 3793 602 3847 lllii.
614 3795 819 3848 Verumtamen
837 3794 883 3847 Jo—
936 3795 983 3849 ubi
995 3798 1063 3848 tunc
1074 3791 1286 3865 hospitabattol.
1298 3795 1412 3861 inclina,
1422 3796 1744 3871 hospitabatur]‚delal-

79 3882 148 3952 seph
162 3886 191 3935 et
201 3882 353 3953 Benjamin
369 3884 432 3954 plus
441 3883 625 3937 suntcaeteris
634 3883 769 3936 iratribus
779 3885 885 3952 apatre
936 3884 972 3938 sis
988 3883 1225 3937 oblectationibus
1233 3885 1262 3936 et
1274 3882 1515 3953 periturismundi
1530 3886 1615 3956 hujus
1626 3888 1741 3960 divitiis,

80 3969 186 4026 dilecti.
204 3971 268 4025 Haec
284 3986 349 4040 pars
372 3971 420 4025 illa
441 3972 562 4042 optima,
577 3987 664 4043 quam
684 3970 770 4025 Maria
786 3969 883 4040 elegit,
936 3989 990 4027 nec
1006 3988 1065 4026 non
1081 3970 1116 4025 de
1131 3970 1267 4041 perennis
1283 3969 1382 4041 glorie
1398 3971 1510 4042 gaudiis
1530 3974 1697 4046 aliquandiu
1711 3982 1743 4033 ut

80 4059 886 4131 quaeuonauferetur.HaecSunarnitispulcherrimasola
937 4061 1050 4132 opinor,
1062 4058 1353 4126 tractaremus3nnde
1369 4058 1465 4114 divino
1482 4077 1582 4117 amore
1598 4063 1742 4122 ferventes

80 4144 368 4201 inomuibussmibus
380 4149 465 4202 lsrael
475 4146 766 4220 reperta,qnae[lavid
777 4147 886 4200 foveret
936 4148 1122 4221 promisimus
1143 4164 1175 4200 ac
1198 4146 1327 4202 vovimus
1350 4146 1468 4216 Spiritui
1488 4148 1530 4216 S.,
1553 4150 1583 4204 in
1608 4154 1741 4222 proximo

81 4251 181 4288 senem
193 4238 222 4288 et
233 4235 413 4290 calefaceret.
432 4236 525 4300 Quam
547 4240 587 4302 tu,
603 4236 693 4291 frater
707 4234 884 4299 charissime,
937 4237 1056 4308 fugitiva
1071 4236 1166 4291 saculi
1180 4237 1355 4307 relinquere,
1373 4239 1402 4290 et
1419 4240 1528 4291 aeterna
1549 4244 1674 4310 captare,
1689 4260 1741 4300 nec

81 4322 193 4377 utinam
210 4323 292 4377 unice
313 4323 457 4395 diligeres,
482 4329 513 4379 ut
533 4325 594 4395 ejus
614 4324 791 4395 amplexibus
809 4323 885 4377 lotus
896 4327 923 4387 D
936 4343 994 4380 non
1012 4325 1215 4380 monachicum
1229 4323 1358 4379 habitum
1369 4325 1667 4394 reciperc,0u0detiu
1679 4331 1743 4386 vici·

80 4410 176 4466 divino
186 4413 293 4466 caleres
304 4413 413 4467 amorel
427 4414 512 4485 Cujus
525 4414 546 4468 si
555 4414 678 4468 charitas
689 4412 776 4466 semel
786 4411 883 4466 animo
936 4432 974 4469 no
983 4417 1131 4486 peractum
1139 4412 1356 4479 esset,nisituuc
1365 4413 1473 4466 l'ulcius
1481 4414 1603 4469 Romam
1615 4417 1741 4488 abiisset,

79 4498 227 4566 insederit,
246 4517 312 4556 mox
329 4502 496 4557 illecebrosa
512 4503 560 4557 illa
571 4506 600 4556 et
620 4501 726 4556 blanda
740 4499 885 4571 deceptrix
935 4503 1058 4573 adcujus
1070 4501 1194 4555 reditum
1205 4499 1615 4570 peragendadistulimus.0uo
1626 4522 1741 4562 moram

79 4587 172 4658 gloria
183 4589 286 4642 mundi
301 4589 349 4643 tibi
363 4589 502 4656 sorderet,
513 4591 703 4660 sollicitasque
712 4586 885 4658 opeslmenti
935 4590 1057 4645 faciente
1080 4588 1199 4659 aliisque
1223 4588 1478 4643 intervenientibus
1503 4591 1607 4658 causis,
1630 4593 1741 4650 divinus

79 4691 147 4729 sane
157 4678 303 4747 onerosas)
320 4679 419 4734 leviter
429 4681 582 4751 abjiceres;
593 4695 645 4733 nec
655 4695 712 4732 nou
725 4677 885 4745 voluptates
935 4695 1018 4733 amor
1032 4676 1170 4748 elanguit,
1179 4675 1439 4747 refriguitanimus,
1451 4678 1603 4751 fervorque
1614 4683 1740 4738 evanuit.

78 4762 222 4818 fastidires
235 4781 361 4834 prorsus,
374 4784 456 4838 aeque
470 4768 567 4822 animo
580 4767 750 4838 corporique
760 4764 883 4819 nocivas.
936 4766 1009 4831 Quid
1025 4782 1093 4837 ergo
1107 4767 1255 4836 superest.
1272 4764 1449 4832 charissime,
1462 4768 1515 4822 nisi
1531 4785 1548 4822 a
1560 4770 1633 4824 tanti
1653 4770 1742 4827 debiti

78 4850 161 4905 Novit
171 4869 297 4925 namque
310 4856 595 4928 prudentiaiuafluis
606 4857 682 4910 dicat
692 4872 716 4909 ξι(
727 4854 780 4917 Qui
792 4851 885 4923 diligit
936 4855 1054 4910 nexibus
1069 4856 1096 4908 ie
1107 4853 1188 4907 Citius
1199 4853 1342 4923 expedire,
1356 4871 1391 4909 tle
1406 4870 1459 4925 pro
1476 4858 1536 4910 iam
1552 4857 1655 4927 grandi
1667 4862 1740 4914 iam·

80 4961 94 4989 a
111 4942 265 5008 mundum,
278 4946 307 4996 et
319 4960 363 5008 ea,
375 4962 438 5015 quae
454 4949 520 4999 sunt
535 4946 563 4998 in
581 4944 690 4999 mundo
706 4963 719 4991 a
736 4943 886 5013 (quaesunt
935 4941 1741 5016 quediuturnomendaciicrimineiramincurrasPoten-

78 5029 241 5099 voluptates
256 5032 358 5098 carnis,
376 5033 605 5103 concupiscentia
623 5033 783 5095 oculorum,
798 5031 884 5098 atque
934 5031 1047 5097 tissimi,
1062 5035 1091 5085 et
1104 5033 1222 5103 propter
1245 5031 1300 5085 hoc
1322 5031 1464 5084 cruciatus
1485 5030 1627 5087 immanes
1637 5034 1651 5087 ⁸?
1673 5034 1741 5099 Quis

77 5112 203 5172 ambitio'
214 5120 320 5188 saeculi)
330 5142 343 5169 «
353 5137 411 5175 non
428 5125 470 5175 est
480 5122 604 5176 charitas
619 5122 709 5177 Patris
720 5121 749 5174 in
766 5135 810 5177 eo.
831 5139 844 5165 »
852 5125 885 5178 Et
936 5136 1061 5191 namque
1075 5119 1199 5172 inultum
1210 5118 1395 5189 relinqueret,
1406 5134 1434 5172 se
1448 5120 1601 5189 aqualibet
1615 5121 1741 5179 sibisuh·

79 5202 171 5259 item:
189 5228 202 5254 ι(
216 5206 269 5270 Oui
285 5211 328 5261 est
342 5209 451 5263 amicus
464 5211 565 5264 mundi
580 5211 675 5281 hujus,
690 5211 822 5265 inimicus
835 5211 885 5266 llei
935 5208 995 5263 dito
1011 5206 1175 5261 defraudari
1199 5222 1320 5261 munere
1339 5205 1489 5276 promissa,
1516 5208 1640 5264 maxime
1662 5211 1684 5264 si
1709 5211 1739 5265 id

80 5313 94 5340 a
111 5294 305 5349 constituitur.
322 5317 336 5344 o
352 5296 426 5360 Quid
441 5314 510 5369 ergo
526 5302 587 5353 tam
606 5299 747 5371 iniquum,
763 5299 829 5370 quid
845 5299 884 5354 sic
934 5312 1048 5367 magma
1062 5293 1195 5349 loretsibi
1205 5293 1439 5348 aestimationiset
1449 5293 1548 5365 pretii?
1559 5295 1740 5368 Quapropter

79 5377 414 5453 insanaeetprcecipitatae
422 5386 538 5451 mentis,
546 5386 614 5457 qnid
624 5389 734 5441 tamest
745 5385 885 5458 pernicio·
934 5385 1030 5451 erede,
1048 5399 1106 5437 non
1123 5380 1262 5448 mihi,sed
1277 5381 1435 5452 prophete,
1446 5379 1505 5434 imo
1521 5380 1637 5452 Spiritui
1649 5382 1678 5437 S.
1695 5383 1738 5438 di·

80 5485 144 5523 sum
156 5470 260 5540 quidve
268 5472 418 5539 infelicius,
434 5490 521 5545 quam
536 5477 638 5529 contra
652 5492 729 5543 eum,
741 5476 820 5545 cujus
830 5490 883 5545 po·
933 5473 1009 5528 renti
1021 5489 1046 5526 z«
1057 5468 1315 5524 Voveteetredditc
1328 5466 1516 5524 [lominolleo
1527 5474 1740 5560 vestrocmnes

80 5557 180 5613 tentia
195 5560 339 5629 resistere,
348 5562 462 5633 cujusve
474 5561 615 5618 ultionem
626 5562 744 5633 iustitiae
755 5562 881 5634 effugere
923 5580 942 5620 a
957 5562 1005 5635 qui
1017 5561 1047 5615 in
1059 5558 1180 5614 circuitu
1192 5556 1252 5628 ejus
1259 5555 1365 5610 affertis
1375 5571 1507 5612 munera.
1518 5558 1648 5615 terribili
1658 5563 1687 5616 et
1696 5561 1737 5632 ei,
