3772 5976
73 299 143 362 tosa
481 333 482 336 a
548 299 1017 362 murmuraremus·
1036 304 1133 367 esau.
1155 307 1265 369 mxvn
1409 292 1417 305 '
1664 317 1734 380 rou

76 425 218 485 deberent
227 440 287 484 esse
293 423 346 498 filii
357 422 879 501 Ephrondlestlmitatoresttpbrem,
931 429 1047 490 ostendit
1060 433 1107 492 eir.
1124 434 1159 492 Et
1171 450 1237 493 ecce
1255 433 1415 495 mirabilia:
1432 433 1554 505 Quando
1565 454 1615 499 eos
1622 441 1734 503 Pharao

71 516 123 573 lllii
135 517 311 589 Joseph,'cui
326 516 474 572 benedixit
487 517 584 585 Jacob,
600 517 763 575 sacerdotes
774 518 882 575 scilicet
930 523 1158 594 persequebatur
1171 529 1312 599 interrupit
1323 544 1397 583 mure
1407 543 1459 601 pro
1470 529 1539 603 ipsis
1550 550 1555 588 :
1566 537 1642 604 etper
1653 549 1735 592 mara

71 611 102 662 et
117 607 230 673 Levitae,
260 607 319 678 qui,
347 622 414 660 cum
441 606 567 677 potiores
586 612 681 662 essent
705 608 734 662 in
760 611 877 681 populo,
930 608 1124 684 interruptum
1155 614 1231 668 duxit
1255 633 1305 670 eos.
1322 615 1361 669 Et
1377 633 1412 671 ne
1427 633 1509 689 aqum
1533 627 1672 677 nocerent
1692 624 1733 680 eis

70 678 204 767 299et
214 697 268 750 hoc
280 695 356 749 bona
365 695 422 749 vita
432 711 482 748 sua
497 698 629 764 expelere
646 697 829 752 debuissent:
849 701 879 752 ut
930 698 1218 770 atiquatenusuuuut
1228 722 1312 776 equus
1324 705 1422 771 maris,
1444 706 1474 760 id
1484 710 1682 765 estslarelecit
1697 729 1733 767 ne

69 785 160 839 alteo
176 800 258 838 more
285 784 411 856 Ephrem
439 783 672 839 benedictionem
688 783 784 854 (Genea
799 803 835 853 iv,
848 789 875 853 8)
928 785 1062 854 fluerent,
1087 792 1164 859 quusi
1187 795 1214 845 in
1238 800 1297 846 utre
1310 795 1387 847 stant
1414 810 1495 865 aqum
1521 797 1680 852 constrictus
1696 817 1733 855 na

13 925 19 936 ,
68 871 257 944 susciperent,
288 871 450 926 intendentes
462 879 599 939 irrumet
613 874 747 929 nritteutes
759 876 877 945 sagittas
928 872 1036 928 ssuendi
1046 875 1212 942 facultatem
1226 879 1362 935 habeant.
1376 879 1516 952 Sicigitur
1526 885 1630 938 castere
1643 885 1732 942 bene-

67 963 188 1015 conversi
200 967 262 1015 sunt
275 963 303 1015 iu
316 961 358 1016 die
373 961 441 1015 belli.
459 962 517 1016 Hoc
532 965 630 1016 autem
646 978 698 1032 per
710 962 875 1018 similitudi·
927 960 991 1015 ficia
1007 980 1094 1034 usque
1109 965 1139 1019 in
1153 966 1241 1020 tinem
1263 967 1366 1040 psalmi
1382 969 1419 1024 ad
1430 968 1557 1024 litteram
1572 972 1731 1044 leguntur:

68 1065 138 1103 nem
150 1049 243 1122 ponit.
262 1048 376 1103 Scilicet
397 1049 466 1104 lacti
485 1052 551 1103 sont
566 1049 674 1104 similes
689 1049 810 1121 ignavis,
827 1051 874 1123 qui
925 1065 989 1120 quae
1006 1052 1104 1107 omnia
1118 1053 1146 1107 in
1162 1071 1213 1108 suo
1224 1056 1286 1110 loco
1299 1055 1335 1110 ad
1343 1056 1466 1111 litteram
1475 1063 1658 1128 exponuntur
1667 1078 1733 1118 con-

68 1140 136 1194 ante
147 1138 255 1193 bellum
269 1137 440 1211 praeludium
454 1137 600 1205 facientes,
613 1137 875 1194 intenduntarcum
926 1137 1015 1193 liuue.
1037 1139 1094 1194 Sed
1110 1142 1250 1213 qnoniam
1279 1144 1308 1198 in
1323 1144 1442 1215 singulis
1461 1145 1575 1202 videtur
1594 1150 1732 1222 allegoria

68 1231 98 1283 et
107 1227 226 1282 mittunt
238 1227 365 1299 sagittas,
378 1226 524 1282 minantes
534 1226 643 1282 sebene
655 1230 875 1299 pugnaturos,et
924 1226 1132 1300 contineri,pro
1148 1232 1336 1302 longitudinis
1344 1233 1730 1310 taediopersingulaallego-

67 1314 153 1370 indie
164 1315 231 1371 belli
245 1319 396 1388 postquam
413 1315 448 1369 ad
460 1331 523 1370 rem
537 1316 874 1384 venltur,convertuntur
922 1313 981 1369 rica
991 1315 1122 1371 videnlur
1133 1320 1305 1389 exponenda
1320 1337 1381 1374 esse
1396 1322 1545 1393 mysteria,
1554 1341 1620 1379 cum
1628 1343 1730 1383 secun·

68 1406 97 1458 el
108 1403 311 1474 tugiuntTuuc
325 1403 404 1457 enim
416 1419 515 1457 arcum
526 1403 873 1476 intenderuntetsagittas
923 1401 990 1456 dum
1000 1403 1168 1473 allegoriam
1178 1405 1576 1479 difficilestt,autimpossibtte
1585 1415 1730 1484 psalmum

68 1490 219 1558 miserunt,
230 1507 294 1545 cum
312 1508 340 1546 se
354 1490 494 1545 Deobene
506 1491 874 1564 obediturospromisernnt
922 1491 1018 1561 legere
1035 1492 1469 1567 continuatim.Quaproplerad
1486 1514 1587 1554 eorum
1599 1503 1729 1572 quaeJ'am

67 1579 213 1634 dicentes:
231 1578 377 1652 Quidquid
392 1580 565 1651 praeceperit
580 1579 719 1635 hominus
727 1583 756 1634 et
765 1581 873 1652 Moyses
923 1578 1046 1649 legimus
1062 1581 1098 1635 ad
1112 1580 1240 1636 litteram
1252 1584 1422 1655 allegoriam
1433 1586 1728 1656 accedamus,etaheo

67 1684 163 1728 servus
178 1668 238 1738 ejus
263 1669 414 1722 audiemus
441 1672 470 1723 et
485 1668 622 1723 iaciemus
636 1668 735 1738 (Exod.
761 1686 816 1736 xix,
834 1674 870 1738 83
923 1665 985 1721 loco
1001 1667 1167 1723 ubidictum
1183 1673 1235 1735 est,
1249 1671 1302 1739 filii
1317 1670 1437 1742 Ephrem
1453 1673 1631 1744 incipientes,
1648 1679 1728 1748 prius

65 1773 112 1824 xx,
131 1757 234 1826 satsat
248 1756 332 1812 simul
344 1773 376 1811 ac
388 1756 424 1812 ad
433 1757 646 1811 observantiam
654 1757 871 1826 mandatorum,
884 1782 909 1840 Β
923 1754 1007 1810 aliter
1023 1772 1112 1827 quam
1137 1757 1266 1828 superius
1295 1759 1332 1814 ad
1355 1759 1506 1815 historiam
1525 1763 1601 1818 hunc
1612 1782 1726 1823 versum

66 1848 96 1900 et
109 1846 146 1901 ad
160 1845 294 1900 viliorum
309 1846 418 1900 bellum
428 1848 579 1912 venerunt,
596 1846 670 1901 illico
682 1850 871 1903 conuersisunt
922 1858 1110 1914 exponamus,
1122 1847 1414 1917 postmodumautem
1424 1849 1725 1927 allegoriamattinga-

65 1934 103 1989 ad
119 1935 227 1989 scelera
241 1951 301 1989 sna.
320 1936 375 1988 Per
391 1935 514 2007 Ephrem
542 1935 659 2006 quippe,
676 1935 752 2006 quod
768 1935 871 1990 dicitur
922 1947 996 1986 mus.

64 2022 249 2096 fructificatio,
264 2023 428 2078 sacerdotes
443 2025 473 2078 et
486 2022 591 2077 Levitae
606 2022 803 2094 designantur,
821 2023 870 2096 qui
957 2019 1204 2095 Quoniamitaque
1214 2024 1343 2094 superius
1357 2026 1541 2097 promiserat,
1552 2028 1682 2100 Aperiunt
1696 2033 1726 2087 in

64 2128 132 2168 cum
147 2112 176 2166 in
191 2113 297 2182 populo
309 2127 399 2182 opera
415 2111 494 2166 hona
513 2111 686 2166 fructificare
704 2111 871 2168 debuissent
917 2110 1050 2180 parabolis
1065 2127 1092 2164 os
1104 2129 1203 2175 merim,
1219 2113 1294 2168 tacta
1316 2113 1536 2186 interpositione
1554 2117 1608 2186 sui,
1627 2121 1659 2174 ut
1674 2137 1734 2185 eos

65 2204 97 2255 ut
111 2200 149 2255 sic
161 2203 257 2255 essent
272 2200 366 2268 sslii,id
375 2204 417 2254 est
433 2200 595 2254 imitatores
606 2201 742 2271 Ephrem,
758 2200 870 2255 steriles
919 2198 1091 2271 quibusagit
1100 2200 1137 2254 ad
1147 2201 1326 2257 intendenda
1337 2204 1481 2259 verbasua
1490 2205 1723 2264 redderetatten·

63 2287 191 2344 fuerunt.
207 2289 284 2343 Istud
299 2289 388 2343 etiam
405 2288 434 2341 in
451 2289 572 2343 Ecclesia
588 2288 868 2344 acciditNamcom·
919 2285 1012 2351 tosad
1023 2287 1181 2358 loquendas
1196 2290 1347 2360 parabolas
1360 2293 1389 2345 et
1395 2293 1606 2364 propositiones
1613 2297 1722 2352 accedit

63 2377 159 2447 plnres
175 2377 204 2431 in
218 2377 341 2432 Ecclesia
357 2377 478 2448 praelati,
496 2377 544 2449 qui
560 2377 735 2447 promittunt
751 2394 780 2431 se
800 2377 866 2431 viri-
905 2373 973 2448 sic:
999 2375 1060 2430 Diri
1084 2380 1356 2447 meaperturnmos
1373 2381 1400 2431 in
1420 2380 1565 2450 parobolis.
1595 2383 1629 2437 Et
1655 2402 1720 2440 ecce
1788 2422 1790 2424 -
1823 2394 1825 2402 ⁴

63 2464 129 2518 liter
144 2469 256 2520 acturos
272 2465 476 2536 praedicatione
493 2469 522 2519 et
545 2467 676 2534 exemplo
702 2466 785 2520 bonae
800 2466 866 2521 vitae
917 2477 994 2533 pono
1011 2463 1172 2533 parabolas,
1192 2465 1227 2519 ab
1243 2464 1292 2520 illo
1308 2468 1370 2520 loco
1385 2466 1434 2521 ubi
1450 2467 1513 2523 dico
1529 2469 1579 2523 filii
1595 2472 1720 2542 Ephrem

63 2568 121 2606 suae
137 2553 166 2607 in
183 2554 299 2624 populo,
316 2556 470 2624 postquam
487 2553 598 2606 adrem
614 2553 732 2607 veniunt
746 2569 865 2608 corruer·
917 2551 1392 2623 usqueinfinempsalmiouarum
1403 2554 1547 2626 primaesl
1558 2559 1635 2614 haec:
1652 2561 1722 2616 Filii

62 2641 229 2712 tunturlpsi
243 2657 310 2695 vero
322 2640 372 2695 filii
385 2640 509 2710 Ephrem
521 2657 580 2695 osse
593 2640 743 2708 deberent,
760 2641 866 2696 seilicet
914 2638 1074 2709 Epirensis
1086 2643 1127 2693 est
1136 2639 1297 2697 imitatores
1307 2645 1336 2696 ct
1349 2660 1484 2715 sequaces
1494 2646 1658 2715 Jerohoam,
1670 2650 1719 2722 qui

63 2727 207 2783 bonorum
229 2745 349 2800 operum
371 2728 599 2784 fructificatores.
618 2729 748 2784 Ostendit
767 2734 863 2784 autem
913 2727 1010 2781 fuitde
1022 2712 1717 2807 tribu300Ephremldeoquedicitanphrem

63 2818 345 2887 quomodoconversi
357 2821 421 2872 sunt
435 2820 462 2873 iu
473 2819 516 2873 die
526 2818 594 2883 delli,
605 2835 670 2873 cum
682 2819 865 2890 apponit,sci·
900 2813 973 2869 ¹non
987 2819 1128 2886 quantum
1142 2817 1178 2870 ad
1194 2817 1320 2871 nominis
1334 2818 1615 2888 interpretationem,
1632 2826 1717 2880 inten-

63 2905 131 2961 lieet
153 2924 205 2959 nou
217 2908 399 2962 custodierant
421 2911 606 2960 testamentum
621 2906 682 2972 Dei,
695 2906 722 2960 id
744 2909 786 2960 est
803 2922 862 2961 non
913 2903 1000 2956 deuter
1014 2921 1116 2968 orcum,
1135 2904 1218 2958 idest
1232 2905 1375 2960 intensam
1391 2906 1527 2963 facientes
1534 2910 1715 2968 dolositatem

61 2996 279 3066 compleverunt
300 2996 396 3066 legem
412 2994 473 3060 Dei,
502 2998 532 3048 et
543 2996 565 3049 si
583 2995 611 3049 in
625 2994 767 3066 aliquibus
781 2993 863 3065 pauci
876 3030 899 3088 C
913 3007 1005 3057 suam,
1022 2995 1051 3044 et
1061 2994 1191 3046 mittentes
1206 2992 1241 3046 ab
1254 3008 1319 3047 arcu
1327 2993 1455 3065 sagittas,
1471 2994 1499 3049 ld
1517 2998 1715 3057 estmittenles

60 3083 268 3149 custodierunt,
281 3086 311 3138 iu
321 3085 376 3152 lepe
385 3084 442 3154 ejus
458 3084 600 3137 notuerunt
615 3083 761 3148 urriiulure,
785 3082 863 3136 idest
913 3094 947 3132 ex
961 3078 1022 3149 ipsa
1038 3079 1206 3150 deceptione
1219 3096 1270 3134 sua
1284 3081 1462 3152 deceptorias
1471 3081 1500 3136 in
1512 3086 1657 3154 proximos
1668 3090 1715 3145 lae-

60 3172 90 3226 in
106 3171 299 3244 completione
320 3172 390 3243 legis
407 3189 464 3226 non
478 3172 596 3226 suerunt
610 3171 863 3229 voluntariaince-
913 3165 1016 3233 aiones,
1039 3167 1162 3222 conuersi
1177 3174 1239 3220 sunt
1255 3184 1271 3221 a
1287 3168 1464 3224 llierusalem
1476 3174 1505 3224 et
1520 3188 1537 3225 a
1556 3173 1713 3232 trihuJuda

59 3262 170 3316 dentes.
185 3259 268 3324 Quod
282 3264 324 3315 est
334 3261 444 3315 dicere:
457 3261 567 3332 anure
580 3260 860 3331 compleveruntnon
911 3260 1012 3310 euntes
1021 3254 1049 3308 in
1065 3254 1227 3309 Samariam
1238 3257 1476 3327 postlorobuam,
1485 3261 1713 3319 volentesesseiu

59 3365 92 3403 er
108 3349 324 3415 voluntate,sed
339 3348 420 3403 inviti
435 3365 469 3402 ex
485 3349 590 3403 timore
597 3349 861 3418 compleveruntEt
910 3344 952 3397 die
964 3344 1127 3415 bellipotius
1142 3360 1230 3416 quam
1252 3344 1281 3398 in
1298 3347 1462 3414 concordia,
1474 3348 1504 3403 id
1523 3354 1565 3404 est
1575 3349 1604 3404 iu
1617 3352 1711 3407 rebel·

40 3453 126 3492 cum
138 3436 191 3508 ipsi
200 3438 302 3491 saltem
317 3437 447 3492 contuitu
462 3435 756 3506 benefactorumejus,
773 3438 860 3490 testa·
910 3432 993 3487 lionis
1008 3432 1121 3487 fervore
1137 3433 1438 3498 contratrihumluda,
1452 3439 1479 3489 et
1495 3439 1710 3495 contratrihum

58 3529 192 3580 mentum
207 3526 256 3579 Dei
272 3525 390 3597 diligere
402 3525 575 3590 debuissent,
595 3525 738 3578 obiitisuut
754 3524 859 3595 heinfa—
911 3520 1071 3591 Beniamin,
1086 3524 1114 3574 et
1128 3537 1275 3591 paucosex
1288 3521 1364 3576 trihu
1375 3521 1439 3576 Levi
1451 3524 1499 3594 qui
1510 3530 1712 3582 remanserunt
1756 3581 1761 3590 ,

57 3620 160 3667 etorum
173 3613 310 3684 circoque
323 3613 402 3684 quasi
418 3630 469 3683 per
484 3612 650 3667 violentiam
658 3616 792 3683 operatus
807 3616 859 3678 ost,
910 3608 1160 3662 Hierusalemcum
1168 3609 1296 3663 Roboam
1308 3610 1442 3680 rcgefilio
1452 3611 1655 3668 Salomonisde
1663 3615 1711 3669 tri·

53 3701 162 3756 scilicet
180 3700 215 3755 de
231 3702 388 3756 l‘haraonis
402 3701 612 3762 submersione,
628 3704 657 3754 et
682 3700 793 3754 caeteris
806 3701 859 3754 bu·
910 3695 1030 3749 huluda.
1046 3695 1373 3750 Elintendeudoarcum
1389 3697 1571 3753 etmittcndo
1580 3702 1709 3772 sagittas,

54 3789 194 3860 jusmodi.
211 3789 249 3843 Et
265 3790 353 3844 ctiam
368 3790 444 3843 obliti
457 3796 519 3842 suut
533 3788 696 3842 mirabilium
720 3789 785 3857 ejice,
802 3807 861 3861 qiua
910 3773 1144 3837 uooc'ustodieruul
1155 3784 1473 3850 testamentuchi,ctc.,
1484 3789 1614 3856 usquead
1621 3806 1711 3844 corum

56 3876 169 3932 ostendit
192 3881 239 3943 eis,
265 3878 353 3932 idest
377 3895 440 3949 quia
456 3877 524 3932 tecit
539 3878 635 3949 palam
657 3876 708 3930 eis.
723 3876 861 3931 Mirabilia
904 3873 1037 3943 putribus,
1066 3888 1129 3942 qum
1150 3875 1180 3924 ut
1194 3871 1257 3940 jam
1285 3872 1710 3945 superiusexpositnsunt,hic

57 3964 328 4021 dicitillabenellcia
342 3982 405 4036 quas
416 3981 474 4019 non
485 3963 861 4036 quasiperviulentiam,scd
910 3961 997 4016 etiam
1011 3962 1204 4031 exponuntur.
1223 3958 1271 4013 llic
1287 3958 1407 4013 historia
1425 3960 1553 4032 tangitur
1567 3979 1631 4033 qma
1646 3965 1711 4019 talis

58 4069 111 4125 per
135 4057 309 4125 potestatem
338 4054 510 4108 mirabiliter
531 4057 666 4124 operatus
692 4059 752 4107 est:
774 4056 805 4107 ut
823 4053 859 4108 de
909 4050 952 4102 est
969 4046 1032 4114 (ΙΙΙ
1044 4046 1111 4118 Eup.
1128 4045 1204 4118 mvl:
1221 4047 1250 4099 ln
1270 4050 1403 4117 tempore
1419 4048 1548 4103 Roboam
1563 4050 1613 4104 filii
1629 4051 1710 4107 Salo·

57 4157 167 4196 manna
181 4146 210 4197 et
237 4142 272 4196 de
288 4142 397 4196 caeteris
412 4141 588 4210 hujusmodi.
609 4140 676 4194 ilico
693 4141 770 4211 quod
785 4141 861 4196 obliti
910 4136 1005 4190 monis
1020 4135 1096 4207 regis
1109 4135 1195 4189 lsrael
1214 4134 1333 4205 quidam
1347 4134 1420 4189 alius
1434 4151 1467 4190 ex
1484 4137 1559 4191 tribu
1574 4139 1709 4208 Ephraim

55 4237 119 4283 suot
130 4230 294 4283 mirabilium
308 4247 371 4301 quae
379 4229 515 4295 ostendit,
524 4229 631 4283 scilicet
641 4245 704 4299 quae
716 4229 860 4284 mirabilia
910 4224 960 4277 filii
970 4223 1233 4295 losephler0b0atlt
1243 4223 1361 4277 110mine
1373 4224 1556 4295 surrexitqui
1567 4225 1665 4282 abiens
1681 4229 1710 4283 in

56 4319 86 4371 et
100 4317 241 4372 beneficia
255 4317 323 4372 iecit
336 4317 364 4371 in
380 4319 514 4389 AEgypto.
532 4318 565 4370 Et
580 4316 733 4386 exponitur
759 4317 786 4370 io
804 4334 860 4388 qua
871 4318 897 4376 D
910 4312 1072 4367 Samariam
1101 4310 1154 4365 sibi
1169 4327 1292 4382 regnum
1312 4310 1352 4366 ibi
1376 4312 1496 4381 paravit.
1514 4312 1606 4376 Quem
1621 4316 1712 4372 trihus

56 4408 137 4476 parte
160 4405 283 4477 AEgypti,
309 4422 374 4460 cum
392 4405 473 4459 addit
487 4407 515 4459 iu
529 4422 621 4475 cumpo
649 4404 785 4474 Tuphneos
801 4406 858 4472 tot,
909 4402 1010 4456 decem
1026 4402 1219 4455 secutaesunl:
1233 4400 1711 4459 solummodoverotribusludaet

56 4493 178 4561 Tauros),
198 4493 304 4548 scilicet
327 4495 394 4549 tecit
413 4494 453 4548 eis
477 4493 628 4553 benefacta
649 4496 677 4546 et
705 4492 857 4547 mirabilia.
909 4488 1072 4558 BenJ'amin,
1087 4503 1152 4541 curn
1169 4485 1341 4557 quibusdam
1355 4485 1481 4540 filiorum
1499 4487 1562 4542 Levi
1570 4489 1708 4546 inllieru-

53 4581 266 4654 Taphnisenim
282 4581 379 4636 civitas
394 4586 438 4636 est
452 4581 481 4635 in
495 4579 860 4652 AEgypumbibeusmutta
908 4579 997 4632 salem
1014 4577 1290 4630 remanscruutcum
1301 4573 1429 4627 Roboam
1439 4591 1517 4644 rege.
1529 4577 1570 4631 Illi
1582 4594 1648 4633 vero
1660 4581 1709 4652 qui

54 4684 108 4740 pro
124 4669 164 4724 eis
176 4669 321 4724 mirabilia
335 4674 470 4741 operatus
483 4672 526 4723 est
541 4670 737 4724 etbeuelacta.
750 4669 783 4721 El
797 4669 858 4724 hae‘c
907 4681 972 4720 cum
987 4665 1142 4719 Jerohoam
1157 4661 1291 4716 abierunt
1307 4661 1403 4716 dolose
1420 4662 1449 4716 se
1461 4663 1709 4723 habentesconlra

53 4756 198 4811 mirabilia
223 4757 252 4810 in
277 4758 399 4829 AEgypto
427 4757 511 4823 lacta,
534 4757 601 4811 iecit
620 4774 709 4812 corum
723 4758 856 4827 putridus,
908 4749 1706 4825 proximos,beuelactaalmirabilialleiintempurosuo

52 4845 146 4915 lloyse
161 4845 293 4900 videlicet
306 4849 452 4911 elharou,
465 4847 493 4898 et
503 4846 613 4899 crateris
626 4845 745 4899 ducibus
759 4846 855 4911 lsrael,
907 4844 973 4898 elin
989 4847 1122 4911 tempore
1150 4842 1265 4908 patrum
1286 4854 1302 4891 a
1322 4839 1379 4893 Deo
1397 4842 1516 4910 operata
1532 4841 1613 4894 obliti
1628 4847 1705 4906 sunt,

52 4933 101 5006 qui
111 4935 448 5003 patresdicebanturnon
459 4934 614 4988 secundum
626 4934 855 5005 generationem,
906 4946 1029 5004 quocum
1045 4926 1174 4982 contuitu
1190 4941 1207 4979 a
1222 4926 1372 4981 dolositate
1385 4943 1436 4979 sua
1449 4928 1577 4980 revocari
1592 4927 1707 4984 debuis-

51 5022 268 5077 sedsecundum
281 5020 855 5094 paternamquamhahehantinsubdilos
905 5024 980 5082 sent,
990 5022 1019 5071 et
1034 5018 1064 5071 in
1078 5015 1254 5070 Hierusalem
1268 5013 1496 5068 cunrtribuluda
1509 5014 1707 5073 habitare.Per

50 5109 245 5176 affectionem,
263 5111 332 5164 acsi
349 5111 457 5165 diceret
475 5127 480 5163 :
500 5110 576 5164 hicet
588 5110 636 5162 illa
649 5108 792 5163 mirabilia
808 5123 856 5177 po·
905 5109 1032 5162 Roboam
1045 5104 1183 5159 nimirum
1198 5102 1373 5155 Hierusalem
1391 5103 1574 5171 regnantem,
1592 5105 1640 5175 qui
1653 5106 1706 5161 suit

48 5198 135 5269 putus
147 5198 304 5269 ignoraret,
318 5202 416 5253 tamen
426 5199 539 5252 siclecit
555 5201 628 5251 erint
638 5197 854 5266 curuiuputribus
904 5196 940 5250 de
955 5196 1030 5249 tribu
1043 5193 1125 5259 luda,
1149 5190 1276 5244 Christus
1291 5189 1326 5242 do
1347 5189 1423 5243 trihu
1438 5188 1510 5242 luda
1525 5206 1573 5243 rex
1588 5195 1705 5249 aeternna

49 5289 156 5353 essent,
173 5286 201 5340 id
217 5290 260 5340 est
276 5287 463 5341 inarrileslum
480 5289 554 5339 esset
568 5285 607 5338 cis
623 5283 852 5355 quodsignifica-
903 5283 1081 5337 Hierusalem
1097 5282 1125 5333 et
1138 5282 1261 5332 terrenae
1271 5275 1550 5341 Ecclesiaevidelicet,
1567 5295 1631 5348 (quie
1642 5281 1705 5350 jum

48 5375 326 5445 rent.Posteaigitur·
335 5376 529 5428 enumeralca
540 5389 603 5442 qum
613 5371 679 5425 lecit
689 5370 850 5440 inAEgypto:
901 5387 1003 5442 pacem
1016 5372 1155 5423 eternam
1170 5367 1198 5420 iu
1211 5362 1549 5434 contemplationevidet,
1558 5368 1704 5439 accipitur.

48 5477 115 5516 cum
132 5462 211 5534 prius
223 5468 376 5518 enumeret
385 5480 419 5517 ea
431 5479 495 5534 quar
506 5461 573 5515 lecit
583 5462 647 5531 post
656 5458 809 5512 discessum
817 5459 852 5511 ab
902 5461 957 5513 Per
966 5458 1072 5512 tribum
1083 5454 1295 5510 autemludaet
1308 5455 1428 5506 ceteros
1439 5451 1487 5524 qui
1504 5454 1708 5513 cumltoboam

46 5552 170 5624 AEgypto
182 5552 241 5611 sic:
269 5553 338 5609 Dico
361 5552 440 5625 quod
452 5551 527 5605 obliti
541 5556 602 5604 runt
618 5548 780 5602 mirabilium
793 5539 857 5620 quae
901 5546 932 5603 in
942 5545 1119 5601 hierusalem
1132 5539 1456 5608 remanserunttideles,
1467 5538 1569 5598 Christi
1576 5546 1710 5606 membra

303 5651 421 5707 Parnoi..
438 5647 515 5703 ctu.
1533 5642 1566 5695 33
