3772 5976
113 304 165 360 sss
608 285 785 354 expositio
801 294 837 352 tit
857 293 1025 354 Psiltttos.
1044 324 1081 341 -
1098 292 1196 354 PsltL.
1218 294 1279 352 lxx
1717 304 1769 364 ugo

114 428 231 498 potens.
246 424 280 479 Et
292 422 347 479 boe
370 421 465 477 totum
481 420 523 476 est
535 434 568 474 ac
583 419 606 474 si
632 420 708 475 dicat
727 438 735 474 :
758 420 811 476 fac
826 436 874 476 ino
889 419 958 482 1οΑ
970 421 1108 491 operitur.
1121 420 1202 485 Quod
1218 423 1260 475 cst
1273 419 1368 475 dicere
1380 436 1386 475 τ
1398 420 1770 485 Plenariambabeantcou.

114 513 201 569 laude
217 512 257 568 tui
273 526 467 585 perseverare,
483 509 538 564 boc
551 507 638 563 modo
654 508 769 575 scilicet,
780 512 811 563 ut
822 508 921 564 omnia
969 509 1112 564 fusionem
1129 513 1158 563 et
1172 509 1314 580 pudorem
1338 509 1378 563 illi
1395 511 1443 581 qui·
1459 521 1582 581 querunt
1605 516 1677 570 muto
1691 519 1769 581 initii,

115 603 177 657 binc
192 598 334 656 beneficia
347 597 510 670 supradicta
522 596 573 652 tibi
589 597 740 665 ascribam,
757 615 815 653 uon
837 596 919 651 mihi.
969 595 1076 650 scilieet
1090 598 1121 650 iit
1136 595 1310 650 interficiant
1322 599 1351 651 ct
1365 595 1396 651 in
1413 601 1507 652 morte
1524 600 1682 658 detineant.
1694 606 1733 658 lle
1748 604 1771 659 si

152 689 277 746 Ostensis
291 687 383 744 causis
398 687 537 758 pluribus,
560 689 588 740 et
609 685 771 741 incidenter
790 684 920 740 oratione
971 682 1046 738 dicat
1064 701 1070 738 :
1085 682 1148 738 Non
1163 685 1256 739 solum
1266 684 1393 740 habeant
1408 685 1606 743 confusionem
1621 693 1649 744 et
1659 693 1772 747 erubes-

114 778 295 850 interposita,
316 777 353 833 ad
368 776 505 831 ultimum
531 775 601 830 illud
612 775 704 847 pouit,
714 773 846 846 cnjusrei
855 791 919 846 gra-
971 771 1107 840 centiam,
1120 773 1187 846 quia
1198 773 1268 827 milii
1278 774 1443 842 detrahunt,
1459 776 1509 831 scd
1524 777 1592 848 quia
1604 779 1691 834 etiam
1699 781 1772 836 niolo

114 869 156 925 tia
175 883 274 924 causas
296 863 439 937 apposuit,
462 863 502 918 sic
518 862 615 928 :Quia
633 866 676 918 tot
695 866 724 918 et
745 866 826 919 tanta
849 861 921 918 mihi
970 860 1040 914 iui'tu'
1053 867 1184 932 querunt.
1209 860 1414 916 Coiifusionem
1438 865 1567 936 superius
1590 868 1699 938 accepit
1719 885 1772 941 pro

115 954 260 1012 contulisti
271 950 424 1019 beneficia,
439 951 586 1006 scilicetut
597 968 670 1007 esses
681 950 829 1023 patientia,
846 968 919 1023 spes,
971 948 1178 1004 erubescentia.
1191 949 1225 1003 Et
1240 949 1384 1004 defectum
1400 967 1453 1022 pro
1464 951 1657 1010 destructione
1672 955 1772 1010 ubidi-

115 1041 308 1106 confirmatio,
337 1043 366 1095 et
391 1039 516 1094 cantatio
538 1055 616 1106 mea,
636 1056 668 1093 ne
681 1039 810 1110 projicies
836 1056 877 1092 rue
890 1040 921 1095 in
970 1035 1020 1104 iit,
1037 1037 1237 1106 confunduntur
1258 1045 1283 1090 et
1298 1038 1432 1107 deficiant.
1449 1040 1497 1094 llic
1514 1044 1611 1097 autem
1627 1043 1771 1099 confusio·

118 1138 231 1203 tempore
242 1129 390 1194 senectutis,
407 1130 436 1183 et
456 1127 560 1199 repetit
584 1126 660 1210 illud·
682 1127 758 1182 idem
785 1126 922 1199 010111001-
971 1141 1039 1178 110111
1054 1142 1106 1195 pro
1119 1125 1312 1181 destructione
1325 1127 1416 1198 ponit,
1434 1132 1463 1182 et
1476 1131 1618 1200 pudorem
1639 1149 1691 1205 pro
1707 1150 1771 1187 eru·

115 1219 187 1275 lenti
210 1234 279 1274 voce
302 1216 474 1289 apponendo
495 1215 580 1270 aliam
602 1231 729 1281 cansam,
745 1231 812 1269 cuin
828 1215 896 1270 dicit
912 1231 918 1269 τ
971 1211 1125 1270 bescentia.
1142 1215 1182 1268 De
1198 1231 1247 1285 spe
1262 1231 1329 1270 vero
1341 1231 1468 1283 suornm,
1480 1222 1509 1272 et
1521 1220 1604 1274 laude
1615 1237 1702 1291 qnam
1714 1223 1772 1275 [leo

115 1307 160 1362 Ne
174 1306 352 1378 derelinques,
369 1303 508 1376 inquiam,
524 1318 575 1369 me,
596 1302 684 1358 idest
702 1321 734 1358 ne
746 1303 878 1373 projicies
893 1305 920 1357 in
970 1298 1086 1369 facient,
1104 1301 1162 1373 agit
1181 1302 1220 1356 sic
1237 1320 1243 1356 :
1261 1303 1327 1357 Dico
1339 1304 1533 1375 qnodinimici
1546 1307 1770 1363 confundantur.

117 1404 233 1467 ternpore
246 1394 398 1460 senectutis,
412 1409 472 1446 etim
486 1392 540 1446 hoc
555 1391 592 1446 sit
606 1391 683 1463 quod
697 1391 821 1462 defecerit
837 1394 920 1446 uirtus
969 1386 1030 1457 Epo
1042 1395 1131 1443 nutem
1143 1407 1243 1460 semper
1258 1392 1377 1460 sperabo,
1395 1392 1425 1446 id
1440 1397 1483 1446 est
1498 1394 1554 1448 mei
1578 1411 1693 1467 semper
1711 1413 1772 1468 spe·

116 1503 186 1540 nien.
204 1482 356 1548 Defecerit,
375 1481 420 1536 liic
445 1479 623 1552 praeteritum
644 1483 696 1548 est,
721 1497 754 1535 ac
777 1480 800 1535 si
820 1481 918 1536 dicat:
970 1476 1075 1531 rabunt
1088 1477 1117 1531 in
1129 1479 1156 1531 te
1169 1477 1363 1548 perfectamin
1378 1479 1472 1534 futuro
1481 1481 1670 1538 salvationem
1678 1501 1772 1538 exeni-

117 1573 181 1628 Non
193 1572 280 1629 debes
294 1570 468 1641 relinquere,
479 1568 545 1641 quia
556 1567 748 1624 virtnsomnis
758 1586 821 1640 quer
832 1569 861 1622 iii
873 1585 920 1623 me
970 1565 1018 1636 plo
1036 1565 1199 1621 salvationis
1213 1583 1297 1633 mere,
1313 1574 1337 1621 et
1352 1567 1479 1638 adjiciam
1493 1587 1570 1640 siiprr
1590 1588 1693 1626 omnem
1716 1573 1773 1627 tou-

119 1665 170 1729 est,
186 1660 225 1716 sie
241 1658 354 1727 defecit,
370 1662 469 1712 utnon
480 1657 516 1712 sit
529 1673 595 1711 mea
605 1660 747 1728 reputata,
759 1657 788 1712 id
801 1661 843 1711 est
862 1674 920 1712 nou
970 1652 1028 1708 deni
1043 1661 1129 1720 teani,
1140 1654 1169 1709 id
1185 1657 1227 1708 cst
1239 1655 1376 1726 adjicient
1391 1657 1505 1712 laudem
1529 1659 1579 1712 tilii
1599 1660 1771 1717 existentem
1860 1668 1876 1681 “

117 1753 221 1823 reputo
237 1749 369 1803 virtutem
384 1764 472 1818 quain
483 1746 588 1813 habeo,
601 1746 817 1814 oxmebabere,
827 1746 877 1800 scd
888 1762 921 1800 ox
932 1732 958 1792 Β
969 1760 1046 1813 siper
1060 1759 1163 1796 ornnem
1179 1742 1283 1797 tandem
1297 1748 1381 1810 tuum,
1397 1762 1413 1799 a
1428 1745 1516 1816 priori
1537 1748 1643 1820 populo
1659 1748 1768 1803 datam.

117 1842 157 1893 te.
168 1837 383 1907 Vetpotestesse
397 1834 718 1902 determinatio,sic:Ne
728 1834 919 1905 derelinquas,
970 1830 1053 1895 Quod
1068 1835 1111 1886 est
1126 1831 1220 1886 dicere
1235 1849 1241 1886 :
1262 1833 1431 1888 laudabunt
1453 1838 1480 1888 te
1505 1835 1673 1891 omnimoda
1686 1838 1770 1891 laude

117 1923 250 1997 inquam,
262 1941 328 1979 cuin
341 1922 455 1979 deficiet
469 1922 556 1978 virtus
568 1939 644 1989 inca,
661 1923 691 1977 id
703 1925 746 1977 est
757 1938 824 1977 cuni
839 1939 922 1994 repu·
970 1936 1034 1991 quic
1049 1919 1204 1992 perfectior
1219 1920 1273 1974 erit
1298 1921 1382 1975 laude
1402 1921 1501 1993 populi
1525 1922 1637 1993 prioris,
1663 1941 1729 1978 cum
1742 1927 1770 1980 ct

115 2014 224 2069 tabitur
235 2011 364 2085 potentia
379 2028 446 2066 mea
465 2010 613 2073 defecisse,
638 2011 667 2065 iu
691 2015 786 2065 morte
802 2011 917 2065 scilicet.
969 2008 1022 2080 ipsi
1041 2008 1226 2080 perfectiores
1240 2009 1298 2064 sint
1307 2009 1405 2064 futuri.
1420 2011 1452 2063 Et
1468 2011 1630 2065 notandum
1641 2029 1698 2066 non
1716 2012 1771 2068 dici

145 2097 920 2171 Velpotestinhacsententialegidesecerit,sinouprae-
968 2096 1170 2167 perfectiorem
1194 2096 1309 2151 laudem
1330 2098 1536 2170 apostolorum,
1553 2102 1581 2152 et
1599 2101 1771 2155 ceterorum

116 2187 202 2245 terite
215 2188 379 2260 accipiatur.
392 2186 505 2258 Repetit
519 2187 616 2241 autem
631 2186 923 2258 quodsuperiusdixit
968 2183 997 2238 in
1019 2201 1095 2239 nova
1107 2185 1170 2256 lege
1185 2184 1380 2253 existentium,
1392 2187 1477 2241 laude
1492 2187 1696 2257 quorumdam,
1710 2188 1769 2259 qui,

117 2280 188 2349 eripe
198 2277 280 2332 mede
290 2294 372 2330 irrunu
381 2276 537 2347 peccatoris,
551 2274 801 2346 aequipollentibus
814 2275 916 2340 verbis,
968 2272 1020 2327 etsi
1036 2274 1165 2345 sublege
1181 2274 1270 2328 veteri
1289 2277 1394 2340 essent,
1410 2274 1463 2328 viri
1488 2277 1587 2329 tamen
1606 2279 1689 2331 erant
1701 2277 1771 2340 Novi

117 2383 184 2421 eum
200 2364 374 2431 dicitrDeus,
385 2381 417 2418 ne
427 2363 917 2435 etonpernarne,etc.,praeponeudo
966 2359 1142 2416 Testamenti
1158 2363 1321 2433 perfidem,
1338 2366 1368 2417 ut
1382 2362 1437 2418 luit
1457 2363 1531 2417 Elias
1548 2368 1576 2418 et
1597 2365 1693 2419 caeteri
1708 2382 1771 2437 per·

116 2472 217 2510 causas
226 2454 295 2509 alias
304 2470 374 2525 quas
391 2469 450 2507 non
466 2453 677 2524 posueratque
690 2451 917 2507 continenturab
966 2447 1127 2517 rectissimi,
1142 2451 1192 2523 qni
1206 2451 1348 2506 muudum
1371 2451 1491 2506 omnino
1519 2457 1695 2524 spreverunt.
1713 2454 1770 2509 Sed

115 2538 918 2612 illolocoubihabetuerui'adicerunt,etc.,usqueadDeus
966 2537 1083 2593 laudem
1100 2556 1241 2595 novorum
1256 2539 1323 2594 dicit
1338 2540 1539 2611 perfectiorem
1556 2542 1640 2597 lande
1654 2543 1769 2598 illorum

115 2648 149 2684 rie
161 2613 260 2700 263
276 2629 410 2700 etonperis.
427 2627 917 2700 0001111010311111τΝο110010111010
968 2631 1110 2695 veterum,
1124 2627 1243 2699 quinon
1269 2628 1342 2683 adeo
1362 2629 1480 2699 perfecti
1500 2630 1678 2697 exstiterunt,
1697 2648 1770 2703 quo-

114 2733 147 2773 ne
162 2735 203 2772 me
211 2717 341 2788 projicias
360 2717 388 2771 in
404 2717 547 2789 passidue,
560 2716 610 2771 sed
626 2732 676 2771 oro
693 2716 791 2784 etiam,
804 2732 820 2772 0
834 2717 917 2785 Deus,
968 2733 1033 2771 rum
1045 2717 1152 2772 multus
1164 2733 1301 2771 numerus
1314 2716 1376 2770 fnit.
1393 2718 1441 2771 Vel
1457 2718 1592 2789 adjicient
1606 2719 1710 2773 totidem
1724 2739 1769 2775 sii·

117 2805 381 2876 neetonperi'scrue,
397 2808 428 2859 ut
443 2804 557 2859 differas
569 2804 810 2860 resurrectionem
821 2822 919 2860 meam
962 2821 1124 2875 peromnem
1151 2804 1255 2857 laudeni
1276 2811 1360 2872 tumn,
1378 2805 1413 2859 de
1433 2821 1531 2859 rerum
1552 2807 1697 2862 creatione
1717 2807 1769 2865 lilii

115 2911 204 2966 usqne
219 2895 248 2948 in
264 2895 403 2949 futurum.
416 2892 471 2949 Sed
484 2892 572 2965 tuqui
588 2893 655 2948 fleus
664 2912 736 2948 meus
746 2911 785 2962 es,
796 2894 840 2948 cui
854 2910 917 2966 spe·
968 2893 1113 2959 collatam,
1130 2891 1236 2946 scilicet
1249 2894 1281 2946 ut
1295 2909 1361 2946 cum
1376 2893 1500 2948 lauderis
1521 2894 1556 2948 de
1573 2895 1675 2950 mundi
1690 2912 1769 2950 erea-

115 2983 226 3038 cialiter
241 2983 356 3050 obedio,
373 2984 469 3053 respice
485 2984 511 3035 in
522 2982 654 3037 ancilium
664 3000 762 3045 meniu,
773 2982 919 3038 ulscilicet
932 2981 1057 3071 ctione,
1073 2981 1163 3035 multo
1172 2980 1264 3052 magis
1273 2980 1470 3036 telaudabnut
1482 2982 1516 3036 de
1527 2983 1641 3053 generis
1649 2983 1769 3038 humani
1847 2994 1856 3015 ·

114 3075 180 3144 post
195 3075 254 3125 tros
269 3071 328 3126 dies
344 3087 391 3126 me
406 3069 565 3125 resuscites.
582 3071 615 3124 Et
627 3070 681 3124 hoc
692 3069 757 3125 ideo
773 3086 835 3137 oro,
851 3069 918 3142 qnia
967 3069 1161 3142 reparatione.
1179 3069 1247 3141 Dico
1264 3069 1342 3140 qnod
1355 3069 1484 3140 adjicient
1496 3070 1769 3137 laiideiu,idcstlau·

114 3161 217 3215 inimici
226 3160 280 3214 mei
291 3158 381 3214 Jndaei
395 3157 529 3224 dicerunt,
537 3156 567 3213 id
575 3161 617 3213 est
628 3158 725 3213 dicent
736 3159 773 3213 ad
783 3158 917 3226 invicem,
969 3157 1078 3212 dabunt
1094 3161 1121 3212 te
1137 3157 1302 3213 innocentia
1317 3161 1346 3212 et
1354 3149 1465 3228 justitia
1477 3176 1637 3231 sua,-qnam
1653 3176 1711 3215 non
1726 3178 1770 3215 re·
1844 3184 1847 3199 .

100 3252 146 3324 ‚et
160 3249 215 3304 hoc
230 3247 298 3302 ruidi
312 3247 341 3302 id
352 3247 439 3302 estad
449 3247 600 3302 dammum
614 3263 722 3302 meum.
739 3248 919 3304 Detcrminat
967 3246 1110 3318 putabunt
1125 3263 1207 3301 suum
1223 3263 1283 3302 esse
1301 3262 1307 3300 :
1325 3245 1381 3301 Sed
1394 3262 1528 3316 crineum,
1539 3248 1568 3318 id
1581 3251 1623 3302 est
1636 3264 1769 3306 meorum

115 3355 183 3393 voro
193 3355 265 3409 quos
278 3335 508 3403 rocelinimiccs,
518 3351 583 3390 cum
595 3336 674 3391 addit
685 3353 692 3391 ι
704 3336 789 3392 B’tilli
798 3336 917 3404 inimici,
969 3334 1285 3405 uniiuuti'cti'tjustitium
1299 3342 1384 3402 tuum,
1401 3334 1483 3390 idest
1498 3354 1615 3392 omnem
1627 3337 1769 3408 justitiam

102 3425 310 3498 1110110111,οιιί
329 3424 511 3481 nistodietcnt
525 3426 644 3478 animuin
659 3441 755 3492 100010,
770 3424 799 3480 id
815 3425 918 3497 estqui
968 3439 1050 3477 suam
1067 3426 1122 3477 ate
1138 3440 1208 3491 essc,
1223 3427 1252 3478 et
1266 3424 1385 3492 totndie,
1399 3423 1427 3479 id
1440 3428 1484 3480 est
1493 3425 1603 3496 jugiter
1619 3426 1771 3480 aununtia-

114 3513 327 3569 insidiabantur
339 3512 444 3568 animce
461 3529 544 3580 meir,
558 3512 581 3567 si
595 3512 784 3584 fortealiquid
796 3512 917 3585 dignuin
968 3509 1010 3565 bit
1023 3510 1142 3566 solutore
1154 3518 1241 3580 tuum,
1258 3512 1286 3566 id
1300 3515 1343 3567 est
1356 3513 1541 3567 salvationem
1562 3513 1729 3591 futuram,a
1740 3516 1769 3570 te

102 3601 522 3675 ⁵reprehensionisviderentin
536 3601 716 3672 ea,secernnt,
728 3600 919 3658 idestfacient
968 3597 1041 3664 lore,
1057 3615 1116 3654 non
1129 3616 1146 3653 a
1159 3599 1270 3653 meritis
1284 3601 1350 3654 suis.
1371 3599 1421 3654 Vel
1441 3600 1481 3654 sic
1505 3617 1511 3654 :
1534 3601 1600 3656 llice
1617 3602 1694 3672 quod
1712 3600 1770 3656 mei

115 3689 256 3745 consiliari
269 3692 296 3744 in
308 3689 629 3744 iinummalitiaeeundo.
640 3689 838 3745 lnhocantem
849 3691 918 3762 qnid
968 3687 1125 3757 sperabunt
1139 3686 1169 3741 iu
1186 3691 1213 3742 te
1231 3704 1355 3760 semper,
1374 3690 1403 3742 et
1420 3687 1475 3742 hoc
1496 3688 1559 3743 dico
1584 3690 1767 3759 generaliter.

117 3777 233 3850 gravius
251 3782 343 3846 notat,
358 3795 423 3833 euin
440 3777 508 3833 dicit
528 3777 670 3832 concilium
686 3778 817 3848 serenat.
834 3779 918 3850 Pejus
969 3774 1005 3830 os
1018 3779 1115 3830 autem
1129 3791 1227 3839 meniu,
1252 3775 1282 3830 id
1302 3779 1345 3830 est
1358 3776 1572 3846 praedicatores,
1590 3776 1638 3848 qui
1655 3777 1769 3833 dicendi

117 3866 194 3922 euim
211 3869 253 3921 est
268 3866 303 3921 de
320 3868 396 3921 malo
412 3882 498 3937 agere
513 3866 722 3938 perconsilinm
733 3883 821 3938 quarn
831 3871 919 3922 teme·
968 3867 1034 3917 sunt
1044 3880 1076 3917 os
1090 3863 1119 3916 in
1135 3880 1257 3936 corpore
1269 3880 1346 3930 meo,
1362 3864 1449 3918 idest
1465 3864 1597 3932 Ecclesia,
1621 3866 1770 3919 01101ιηὶ10-

118 3953 205 4010 rarie.
223 3953 290 4009 Dico
307 3955 384 4026 quod
407 3954 547 4010 convitium
568 3955 699 4023 feceruut,
716 3955 829 4010 dicentes
846 3973 918 4011 unus
968 3951 1032 4006 dunt
1050 3951 1188 4022 justitium
1214 3968 1333 4006 omnem
1354 3959 1427 4006 tiiuin
1445 3970 1516 4021 esse,
1533 3952 1562 4007 id
1582 3956 1624 4007 est
1646 3970 1663 4008 a
1685 3956 1724 4019 le,
1740 3956 1770 4008 et

114 4043 151 4098 ad
167 4041 255 4097 alium
274 4059 280 4097 :
296 4041 496 4114 Persequimi'nr'
506 4060 565 4096 euin
580 4042 830 4113 tribulationibns3
847 4061 917 4098 nam
967 4044 1023 4095 toto
1038 4040 1079 4094 die
1093 4041 1209 4095 solutore
1222 4047 1307 4094 tuoni.
1325 4040 1390 4096 llaec
1406 4058 1464 4096 non
1479 4044 1637 4096 mutantur.
1656 4043 1689 4095 Et
1703 4041 1768 4096 ideo
1800 4068 1802 4076 ,

112 4130 199 4198 Dens,
215 4131 295 4201 cujus
307 4130 409 4185 Filium
423 4146 452 4184 se
467 4129 576 4196 asserit,
592 4129 731 4202 dereliquit
745 4149 814 4198 eum,
831 4131 859 4185 id
874 4135 917 4187 est
965 4127 1181 4182 annuntiabunt
1194 4128 1253 4183 mei
1262 4128 1404 4200 justitiam
1421 4146 1542 4185 omnem
1555 4146 1571 4184 a
1586 4133 1613 4185 te
1629 4147 1699 4185 esse.

114 4217 301 4290 contempsit.
316 4218 350 4272 Et
361 4235 421 4273 non
430 4218 522 4273 solum
532 4217 748 4290 persequimini,
759 4220 809 4274 sed
817 4228 917 4274 eteoru-
1003 4214 1135 4282 Quoniam
1150 4220 1330 4288 nuncupandi
1344 4218 1459 4272 litterum
1472 4235 1532 4273 csse
1549 4218 1766 4290 justificantem,

110 4305 266 4377 prehendite
281 4323 358 4373 enin,
373 4322 409 4361 nc
431 4306 542 4372 evadat,
558 4305 587 4360 id
608 4309 649 4360 est
670 4305 834 4374 interficite,
853 4294 995 4380 qniaDid
1009 4308 1063 4374 est,
1080 4306 1137 4360 mci
1154 4309 1330 4378 cognoscent
1350 4306 1475 4361 litteram
1493 4307 1566 4379 legis
1584 4308 1688 4362 veleris
1707 4326 1767 4365 non

113 4411 166 4448 non
192 4401 230 4449 est
248 4398 295 4466 qni
316 4395 426 4467 eripiat.
452 4393 529 4448 desi
555 4393 632 4468 dicat
648 4411 654 4447 :
670 4395 733 4465 lpse
758 4395 826 4450 dicit
849 4397 917 4467 qnia
966 4411 1048 4467 posse
1059 4377 1159 4464 264
1168 4396 1293 4467 aliquem
1303 4395 1470 4466 justificare.
1487 4418 1501 4447 u
1516 4397 1623 4452 Littera
1632 4397 1768 4454 euimoc·

112 4481 187 4537 Dens
202 4482 305 4556 cripiet
320 4499 387 4538 enm
403 4485 525 4537 amorte
549 4483 613 4554 post
632 4484 691 4536 tres
710 4481 780 4549 dies,
803 4483 852 4538 sed
867 4484 915 4540 ille
966 4481 1034 4537 cidit
1056 4481 1100 4552 (II
1117 4481 1180 4537 Cor.
1201 4500 1241 4550 ni,
1262 4485 1311 4548 vi).
1328 4503 1342 4532 ii
1366 4482 1449 4547 Quod
1464 4486 1507 4538 est
1521 4484 1635 4541 dicere:
1652 4486 1766 4558 Cogno-

113 4570 340 4642 noneripiet.1d
353 4571 427 4627 circo
439 4569 649 4642 comprehendite
661 4587 720 4624 eum
728 4574 832 4626 morte.
848 4571 916 4643 Agit
964 4574 1045 4625 seent
1054 4570 1124 4625 illud
1138 4571 1321 4635 essefalsum,
1331 4571 1409 4643 quod
1419 4572 1509 4628 Judaei
1519 4574 1706 4630 affirmabant
1715 4576 1766 4632 ali·

110 4660 210 4713 autem
223 4658 383 4714 concessive
404 4658 439 4713 de
454 4657 639 4713 inimicorum
655 4657 834 4727 confusione,
851 4659 889 4715 sic
906 4675 912 4714 :
965 4675 1052 4731 quein
1061 4660 1164 4731 exlege
1169 4659 1318 4731 justificari
1329 4659 1484 4730 posse.ch
1496 4663 1766 4720 enimsolummodo

145 4745 207 4801 Dixi
222 4750 254 4801 ut
269 4746 405 4820 respicias
420 4746 448 4800 in
461 4746 598 4801 auxilium
610 4763 720 4815 meum,
735 4749 763 4802 et
778 4763 812 4801 eii
826 4763 915 4819 oppo·
963 4749 1113 4818 peecatum
1129 4745 1246 4802 iudicat.
1257 4749 1319 4802 Non
1332 4747 1419 4804 etiam
1430 4751 1466 4806 ad
1476 4751 1678 4807 abstinendum
1687 4752 1768 4822 adju·

109 4831 163 4890 sito
179 4835 380 4906 confunduntur
391 4835 420 4889 in
437 4837 524 4902 malo,
536 4834 566 4890 id
581 4838 624 4890 est
635 4835 804 4891 erubescant
813 4841 838 4889 et
851 4836 914 4904 defi·
962 4837 1020 4888 vat.
1037 4835 1070 4889 Et
1082 4834 1284 4907 cognoscendo
1297 4852 1349 4907 per
1365 4837 1492 4894 litteram
1505 4856 1563 4894 uon
1576 4854 1657 4909 posse
1665 4839 1767 4910 justifl-

109 4923 183 4977 ciunt
199 4923 235 4978 ab
259 4924 339 4979 omni
358 4923 548 4996 prosperitate
571 4923 732 4993 mundana,
749 4924 913 4979 detrabentes
962 4923 1031 4990 cari,
1043 4923 1171 4991 introibo,
1188 4923 1217 4979 id
1233 4928 1275 4980 est
1286 4925 1343 4980 mei
1358 4926 1519 4982 introibunt
1532 4926 1697 4998 in'potentios
1707 4927 1764 5002 1)οῇ

108 5012 206 5066 animae
231 5029 295 5066 ruere
319 5011 438 5067 virtutes
463 5029 537 5078 suas,
562 5011 592 5066 id
615 5016 657 5067 est
670 5012 761 5067 Judaei
776 5013 824 5085 qui
841 5013 912 5067 mihi
961 5013 1038 5068 mini.
1056 5012 1138 5077 Quod
1155 5015 1198 5067 est
1214 5013 1310 5068 dicere
1327 5031 1333 5068 :
1351 5014 1404 5078 Qui
1420 5015 1498 5086 prius
1513 5031 1543 5069 se
1558 5017 1692 5086 potentes
1705 5016 1763 5071 eiii-

109 5097 245 5153 auferuut
261 5099 378 5154 virtutes
396 5116 485 5167 meas,
497 5102 639 5171 quantum
653 5099 689 5154 ad
700 5116 781 5154 suam
796 5104 911 5173 reputa·
961 5102 1119 5157 stimabant
1133 5101 1169 5156 ad
1189 5102 1263 5157 bene
1289 5104 1469 5174 operandum
1486 5120 1538 5174 per
1552 5103 1676 5158 libertini
1691 5104 1765 5160 arbi·

108 5187 229 5256 tionem,
247 5187 369 5243 dicendo
385 5205 433 5242 uie
449 5204 509 5244 esse
524 5188 706 5244 seductorem
720 5192 749 5243 et
772 5189 842 5260 legis
861 5189 911 5243 de·
961 5190 1048 5245 trium
1064 5193 1092 5246 et
1106 5206 1158 5261 per
1173 5192 1279 5262 legem,
1292 5207 1322 5244 se
1338 5192 1454 5260 perhoc
1464 5191 1703 5248 insufficientibus
1715 5210 1762 5248 co·

106 5277 290 5341 structorem,
306 5279 403 5330 etnon
412 5292 515 5347 parum
528 5277 762 5344 confundantoret
775 5276 910 5346 deficiunt,
961 5279 1047 5350 gultis
1060 5278 1097 5333 ad
1109 5278 1183 5333 bene
1199 5276 1390 5348 operandum,
1408 5278 1568 5334 introibunt
1590 5284 1618 5335 in
1630 5283 1764 5352 potentins

106 5363 157 5418 sed
171 5366 324 5435 operiuntur
345 5364 499 5434 confusione
511 5369 535 5418 et
546 5363 660 5435 pudore,
676 5364 705 5419 id
724 5369 766 5420 est
788 5365 911 5421 circum·
959 5367 1081 5434 Doiuini,
1098 5366 1126 5420 id
1143 5368 1186 5419 est
1200 5364 1236 5419 ad
1253 5364 1308 5418 hoc
1327 5364 1424 5420 diviua
1437 5367 1531 5438 gratia
1542 5368 1702 5441 inspirante
1716 5370 1761 5424 iii-

94 5440 249 5510 'vallentur
263 5452 462 5510 erubescentia
474 5455 503 5506 et
517 5452 660 5524 corporali
673 5451 912 5512 destructioneit
960 5453 1140 5528 gredientur,
1152 5456 1183 5508 ut
1197 5470 1227 5509 se
1243 5454 1609 5527 reputentpotentiasbene
1622 5457 1764 5532 operandi

107 5537 295 5601 similitudine
307 5540 447 5615 eorporis,
463 5539 542 5616 quod
556 5538 637 5598 omui
645 5543 728 5616 parte
735 5540 914 5605 vestimentis
960 5545 992 5601 et
1004 5540 1111 5601 avitiis
1122 5539 1286 5600 abstinendi
1298 5556 1359 5601 non
1373 5542 1765 5620 alegasedaltominoha-
1831 5608 1835 5615 ,
