3772 5970
105 337 172 401 ma
572 292 803 401 eremmon
823 335 1159 402 essenos-estc.
1180 337 1281 400 cxvur
1678 338 1746 399 serv

103 462 200 519 adhue
208 462 429 530 meritum‚cum
440 461 479 521 sie
487 462 582 522 addit:
594 465 627 520 Et
637 464 705 521 inde
715 462 904 536 contingebat
917 487 944 550 q
955 465 1006 520 tuis
1022 480 1031 518 ι
1046 472 1072 521 et
1083 463 1161 538 qued
1175 462 1260 520 bunut
1278 479 1372 518 manns
1388 480 1459 518 eneas
1473 460 1508 518 ed
1523 457 1652 517 mendnte
1672 465 1718 516 tue
1728 471 1753 519 et

105 567 153 608 me
167 553 317 608 ambulare
333 553 363 608 iu
376 552 609 626 latitudine,un
621 552 802 608 mandamina
815 553 905 625 enqui-
955 553 1093 608 exercetur
1106 554 1134 607 in
1147 555 1192 610 eis.
1208 554 1289 609 Unde
1304 551 1505 621 eru‚llomine,
1516 558 1680 608 memoresto
1692 567 1752 608 urr-

104 641 164 708 eiui,
176 640 205 695 id
221 645 265 695 est
280 656 312 696 er
324 641 386 696 aliis
408 644 494 698 rebus
508 642 645 699 omnibus
660 641 744 713 clegi.
767 641 905 713 Apposila
957 641 983 696 bi
994 643 1044 710 tui,
1061 642 1090 696 id
1108 645 1152 698 est
1162 641 1297 713 promissi
1308 641 1360 709 tui,
1370 640 1436 697 lacti
1446 657 1518 695 seruo
1527 647 1570 695 tuo
1578 640 1748 713 cuicunque,

104 744 191 784 causa
205 745 256 783 cur
268 730 373 785 debeat
386 731 411 786 ei
429 731 582 786 abomino
598 731 671 803 legis
681 731 812 785 custodia
831 729 904 798 dari,
955 730 985 785 id
1000 735 1043 785 est
1052 730 1249 802 promissionis
1264 728 1578 787 beatitudinisoeternee
1589 746 1676 802 quam
1687 745 1754 802 pro·

105 818 226 890 apponit
238 824 355 874 cau'sam
368 836 418 874 cur
426 820 479 876 sibi
487 820 592 875 debeat
607 819 680 886 dari,
695 836 732 874 ne
745 835 907 891 usquequa·
956 819 1059 873 misisti
1073 819 1154 874 omui
1169 836 1250 875 servo
1271 823 1319 874 tuo
1334 821 1362 875 te
1372 818 1507 874 daturum
1517 834 1588 885 esse,
1603 834 1691 889 quam
1703 831 1755 872 oro

105 923 162 977 que
177 907 325 963 auferatur
340 909 459 963 verbum
476 908 527 964 Dei
538 909 573 963 de
584 908 789 979 orcejus.‚ldeo
800 907 908 963 scilicet
957 907 986 962 iu
998 924 1045 962 me
1061 909 1217 979 compleas,
1231 924 1297 962 cum
1320 924 1374 979 ego
1389 924 1487 962 servus
1502 909 1567 962 tuus
1587 905 1652 961 sim.
1679 906 1754 960 Beue

106 995 247 1066 quoniam
263 996 411 1069 hucusque
427 998 488 1053 siue
503 997 673 1053 contusione
686 997 806 1051 verbum
815 996 907 1050 hocin
957 995 1026 1052 dicit
1041 1014 1048 1050 :
1063 996 1171 1052 Memor
1184 999 1257 1065 esto,
1272 1014 1329 1052 uon
1346 997 1424 1069 quod
1443 995 1547 1052 oblitus
1557 994 1602 1062 sit,
1618 994 1670 1049 sed
1686 992 1754 1067 quia

106 1090 245 1153 conspeetu
260 1100 352 1155 requm
370 1085 482 1139 loculus
497 1088 550 1140 est.
566 1085 624 1138 lloe
645 1087 743 1138 autem
759 1083 798 1138 sie
815 1082 905 1138 dicit:
956 1101 1022 1141 cum
1038 1085 1126 1141 modo
1141 1102 1207 1140 suos
1222 1103 1281 1140 uon
1296 1087 1474 1151 remuneret,
1491 1083 1603 1139 videtur
1626 1082 1756 1138 inlldeli-

109 1169 165 1226 Oro
181 1188 213 1225 ne
223 1173 331 1242 anseres
341 1174 449 1227 cubum
462 1174 546 1229 deore
559 1190 625 1239 nteo,
639 1176 668 1228 ιι
681 1173 803 1244 dignum
819 1175 862 1227 est
877 1174 908 1227 ut
957 1173 1009 1228 bus
1024 1173 1070 1228 hic
1083 1190 1132 1228 eus
1143 1173 1212 1229 dare
1222 1173 1369 1229 oblivioni.
1380 1172 1510 1229 Ostendit
1518 1175 1616 1228 autern
1626 1170 1755 1226 ourudeo

108 1274 169 1315 uon
184 1260 342 1315 aulorutur.
359 1261 422 1317 Non
436 1262 530 1317 solum
546 1261 663 1316 enimin
674 1260 907 1317 tribulationibus
958 1265 1023 1317 oret
1038 1262 1073 1317 de
1089 1261 1284 1332 completione
1300 1262 1390 1329 verbi,
1404 1278 1470 1317 cum
1479 1259 1559 1316 addit
1575 1276 1582 1314 :
1598 1257 1755 1315 Memoriu-

107 1347 216 1419 positus
227 1350 401 1405 arribulubcrn
417 1353 445 1404 in
457 1351 607 1419 tntiteulin'e,
622 1351 671 1407 sed
681 1357 706 1406 et
720 1350 843 1424 loquebar
853 1348 908 1405 exi·
957 1367 1056 1422 quam,
1072 1350 1208 1405 cstuoerbi
1223 1351 1272 1413 tui,
1293 1350 1409 1407 utillud
1431 1349 1461 1406 iu
1486 1366 1533 1407 rue
1556 1349 1713 1419 cornpleas,
1725 1349 1753 1402 in

107 1438 184 1490 steus
195 1438 224 1491 in
236 1440 392 1493 testimoniis
403 1442 464 1493 tuis.
479 1437 561 1503 Quod
572 1439 718 1495 estdicere
731 1455 738 1493 :
749 1437 907 1509 Loquendo
957 1454 1009 1509 quo
1025 1454 1130 1509 nempe
1140 1455 1210 1510 spem
1219 1439 1288 1494 nvidi
1307 1439 1411 1506 dedisti,
1425 1437 1532 1494 seilicet
1551 1453 1602 1509 per
1615 1435 1692 1508 quod
1708 1449 1757 1490 me
1822 1456 1829 1466 ·

108 1524 143 1578 dc
158 1529 197 1592 tc,
212 1526 338 1582 testabar
353 1531 380 1582 te
395 1544 495 1582 verum
509 1530 600 1583 ileum
615 1545 686 1584 esse.
699 1528 757 1593 Vel,
773 1526 907 1599 loquebar,
958 1531 1067 1582 certam
1083 1543 1163 1599 spem
1177 1526 1330 1599 promissa
1340 1526 1526 1582 beatitudiuis
1539 1522 1757 1580 haberelecisti.

108 1610 136 1666 id
152 1616 194 1668 est
206 1615 417 1670 annuntiabam
430 1616 596 1672 testimonia
606 1619 665 1681 tua,
676 1616 754 1671 idest
764 1616 910 1687 precepta
958 1614 1025 1670 Huc
1040 1619 1137 1671 autem
1153 1633 1217 1687 spes
1231 1633 1265 1671 ιι
1277 1616 1331 1672 hoc
1345 1616 1431 1672 verbo
1450 1617 1603 1685 concepta,
1623 1611 1756 1667 cumulata

108 1703 167 1768 tua,
181 1701 304 1757 existens
319 1704 394 1758 heue
406 1704 527 1759 vivendo
537 1704 565 1758 in
578 1704 646 1777 ipsis
662 1703 834 1759 testimoniis
844 1702 906 1769 luis,
959 1711 996 1757 est
1010 1721 1051 1758 ine
1066 1705 1210 1775 dejectum
1227 1707 1255 1758 in
1262 1705 1422 1772 burrellimte,
1433 1704 1462 1759 id
1471 1705 1513 1758 est
1520 1700 1677 1757 maumam
1686 1698 1758 1756 mihi

108 1793 140 1844 ιιι
153 1789 333 1847 auditoribus
346 1793 512 1865 escvuplum
527 1793 656 1848 tribuam
673 1790 907 1847 ineisdemtesti·
920 1811 945 1871 B
959 1786 1039 1848 dedit
1050 1792 1215 1848 salvationis
1227 1793 1467 1859 consolationem,
1489 1791 1560 1846 dum
1580 1806 1644 1845 sum
1660 1789 1689 1843 in
1704 1788 1759 1843 lrao

108 1879 214 1935 moniis
227 1879 379 1947 existendi,
394 1904 408 1931 ιι
426 1898 462 1935 ne
478 1897 543 1936 cum
559 1881 621 1936 aliis
635 1880 835 1954 praedicarem,
847 1879 909 1950 ipse
958 1880 1230 1949 bumilitalc,inhac
1240 1881 1401 1952 dejectione
1409 1874 1756 1949 mortalitatisetpassibi·

107 1968 249 2039 reprobus
264 1968 396 2024 etsscerer
410 1969 437 2040 (I
449 1968 512 2024 Cor.
528 1987 566 2036 ιι,
583 1972 638 2038 tt).
656 1990 670 2018 n
686 1969 848 2041 Loquebar,
863 1966 907 2023 in·
959 1970 1047 2026 litatis
1057 1986 1186 2043 quaernea
1198 1974 1251 2037 est,
1261 1970 1462 2043 quoniamego
1475 1969 1536 2040 ipse
1548 1968 1678 2023 iuddam
1691 1983 1754 2040 pec·

107 2071 208 2127 quam,
219 2060 249 2110 et
260 2057 358 2112 nonin
373 2058 552 2126 abscondito,
565 2058 653 2113 sedin
667 2064 803 2129 conspeetu
816 2073 909 2126 requrn
959 2058 1052 2114 cando
1062 2058 1133 2114 mihi
1144 2075 1209 2115 eaur
1222 2057 1331 2129 paravi.
1347 2059 1380 2114 Et
1391 2057 1456 2113 idco
1468 2056 1560 2113 adhuc
1581 2071 1643 2122 oro,
1658 2070 1758 2110 inernor

108 2144 293 2202 terrenorum
309 2145 483 2209 infidelium,
499 2145 570 2201 mihi
587 2150 714 2202 mortem
729 2144 909 2202 comminan-
958 2153 1010 2202 esto
1025 2147 1096 2202 uerbi
1106 2149 1156 2214 tui,
1172 2149 1239 2220 quie
1249 2147 1384 2220 eloquium
1397 2153 1484 2213 tuurn,
1494 2145 1523 2201 id
1533 2147 1576 2200 est
1582 2143 1757 2218 promissum

109 2234 193 2288 lium.
210 2234 244 2288 Et
259 2233 325 2288 licet
338 2251 486 2309 patrnosus
499 2251 591 2290 essem
606 2241 632 2291 et
646 2234 718 2301 vilis,
742 2236 840 2289 ιιιιιιιι
856 2250 909 2288 ιιι
958 2236 1223 2302 tuum,uousolum
1236 2236 1416 2291 consolatum
1430 2238 1473 2290 est
1487 2250 1545 2303 me,
1560 2232 1611 2289 scd
1621 2235 1653 2287 ut
1666 2230 1759 2303 majus

107 2321 298 2391 confundebar,
322 2322 352 2378 id
369 2326 412 2378 est
432 2341 494 2380 nou
516 2324 723 2379 erubescebam
741 2321 831 2394 loqui,
855 2320 908 2376 etsi
959 2323 1028 2395 quid
1039 2323 1148 2392 dicam,
1159 2325 1303 2394 uiuifieeuit
1317 2341 1368 2390 nee,
1382 2323 1489 2380 seilicet
1499 2338 1564 2378 cum
1576 2321 1640 2393 jam
1653 2320 1708 2375 siru
1722 2318 1758 2375 de

107 2412 205 2479 posset
224 2409 263 2465 ibi
291 2411 370 2466 locus
395 2428 456 2467 esse
481 2411 665 2467 contusionis.
682 2412 716 2466 Et
734 2411 799 2466 ideo
815 2410 908 2466 adbuc
958 2411 1100 2483 promisso
1110 2413 1215 2479 certus,
1222 2427 1274 2483 pro
1282 2409 1490 2482 solopromisso
1500 2408 1598 2466 videor
1608 2407 1681 2464 mihi
1694 2408 1758 2479 jam

110 2496 197 2551 debes
213 2514 272 2553 non
287 2499 401 2555 auferre
418 2500 453 2556 de
467 2516 518 2555 ore
533 2516 599 2555 mec
615 2500 735 2555 verbum
754 2513 865 2565 verum,
879 2499 910 2554 et
959 2498 1127 2555 vivificatus.
1139 2499 1213 2565 Quid
1226 2515 1297 2571 ergo
1313 2499 1336 2553 si
1349 2496 1703 2571 quandoquepromissum
1713 2497 1759 2550 at-

109 2601 156 2640 me
170 2585 266 2641 lacera
278 2588 375 2660 legem
391 2591 471 2643 tuam
488 2589 650 2658 custodire;
667 2589 717 2644 sed
730 2588 795 2645 ideo
818 2588 908 2644 etiam
959 2587 1054 2658 ligero
1069 2587 1083 2643 ‘l
1098 2587 1224 2658 ideoque
1239 2603 1302 2654 oro,
1318 2603 1417 2642 rnernor
1425 2593 1490 2653 esto,
1500 2589 1531 2642 ut
1541 2585 1687 2658 compleas
1696 2599 1759 2638 ver-

108 2672 176 2744 quia
190 2691 249 2729 uon
263 2676 356 2732 solum
372 2679 511 2734 mandata
522 2680 573 2733 tua
594 2677 730 2750 exquisivi
749 2677 907 2733 secuudum
957 2675 1029 2731 bum
1044 2675 1253 2747 promissionis.
1270 2676 1304 2730 at
1319 2691 1385 2731 ecce
1407 2674 1513 2730 merila
1535 2690 1611 2740 mea,
1631 2687 1757 2745 querum

109 2761 292 2831 electionem,
310 2768 339 2818 et
355 2782 414 2820 non
430 2767 523 2822 solum
545 2767 685 2838 loquebar
703 2767 733 2821 in
752 2768 908 2836 conspectu
958 2763 1108 2819 occasione
1129 2764 1212 2818 decet
1234 2765 1262 2818 ιι
1278 2778 1440 2819 memorem
1459 2779 1533 2818 esse.
1548 2761 1664 2833 Superbi
1677 2758 1756 2815 enim

107 2865 223 2921 regum,
233 2852 284 2907 sed
293 2853 442 2909 meditetur
454 2856 483 2908 in
504 2854 637 2909 prandetis
650 2857 702 2908 tuis
715 2853 906 2924 complendis,
956 2850 1197 2917 antonomastice,
1210 2850 1238 2904 id
1254 2855 1296 2906 est
1313 2851 1396 2923 impii
1411 2866 1463 2921 per
1475 2848 1640 2923 superbiam
1648 2847 1755 2920 jugum

106 2940 208 3007 utpote
223 2957 279 3010 quae
299 2940 391 2996 deleri.
403 2940 486 3005 Ouod
497 2945 539 2996 est
549 2941 644 2997 dicere
656 2941 827 2996 :Meditabar
837 2957 906 3012 quo·
956 2938 1222 3010 luumabjicientes,
1233 2939 1322 3012 inique
1337 2938 1451 3008 eqebnnt
1461 2954 1658 3011 usquequaque,
1674 2935 1756 2990 idest

106 3025 194 3081 modu
210 3027 350 3083 rnenduta
366 3032 414 3084 tua
429 3029 621 3099 complerem,
637 3032 666 3083 ιι
680 3029 733 3082 boe
750 3044 810 3083 non
832 3026 904 3082 invi·
956 3027 1138 3094 omnimodo,
1155 3030 1184 3082 et
1194 3027 1223 3082 in
1237 3043 1266 3082 se
1291 3029 1319 3085 et
1334 3026 1364 3082 iu
1380 3026 1511 3097 proxime
1532 3024 1672 3091 videlicet,
1694 3024 1724 3078 ιι
1738 3038 1756 3077 a

106 3115 164 3179 tus,
178 3113 228 3169 sed
244 3131 278 3168 ιι
295 3115 460 3183 dilectione,
478 3116 546 3188 quia
560 3132 595 3172 ea
607 3094 939 3172 vatdedileui.EtuouC
955 3117 1019 3188 lege
1029 3115 1300 3187 tuaelougaudo,et
1310 3118 1538 3188 mecaetcrosque
1554 3114 1653 3169 fideles
1663 3112 1699 3167 ab
1709 3127 1755 3168 ιιι·

105 3203 201 3257 solum
214 3203 389 3272 meditabar,
406 3205 454 3260 scd
469 3213 493 3260 et
504 3207 590 3261 leveel
607 3221 703 3259 monus
720 3221 800 3272 eneas,
819 3204 907 3260 idest
957 3205 1023 3260 dem
1036 3206 1100 3276 lege
1118 3206 1257 3261 devocare
1280 3204 1378 3260 multis
1394 3204 1489 3261 modis
1505 3201 1674 3259 adnitendo.
1694 3201 1754 3272 Ego

106 3291 241 3359 promovi
258 3294 287 3347 et
299 3291 426 3347 intentas
440 3293 495 3348 ieci
508 3294 674 3349 allectioues
688 3293 822 3360 meas,nd
832 3310 907 3348 mnn-
957 3296 1054 3350 autem
1071 3297 1236 3350 tamennon
1251 3294 1384 3349 declinavi
1406 3311 1422 3346 e
1441 3293 1496 3362 leqe
1512 3297 1571 3359 tue,
1592 3306 1694 3354 eorum
1707 3305 1754 3344 ιι-

104 3376 168 3431 itate
183 3384 228 3433 tue
243 3382 418 3451 complenda
429 3383 608 3454 operatione,
621 3386 652 3438 ut
664 3385 732 3455 pote
747 3383 905 3455 quaedileei,
956 3381 1172 3438 hortationibus
1183 3384 1213 3437 et
1227 3383 1369 3453 exemplo.
1384 3381 1467 3448 Quod
1488 3384 1531 3437 est
1547 3380 1663 3437 dicere:
1680 3377 1758 3434 Licet

105 3463 217 3521 scilicet
230 3483 288 3522 non
301 3469 419 3535 invitus,
428 3469 478 3524 sed
494 3488 526 3526 ιι
542 3470 696 3526 dilectione
712 3470 821 3525 dietum
834 3472 907 3526 esta
957 3471 1071 3543 superbi
1086 3470 1183 3543 inique
1194 3476 1326 3543 agerent,
1340 3472 1479 3528 devocare
1492 3487 1539 3527 me
1550 3468 1704 3540 cupiendo,
1719 3469 1759 3522 ta-

106 3553 299 3613 similitudiue
316 3557 403 3623 illius,
417 3559 466 3630 qui
482 3558 518 3614 ad
533 3559 641 3630 aliquid
655 3559 835 3632 operandum
845 3576 906 3615 rua·
957 3575 1027 3612 meu
1044 3559 1084 3613 eis
1094 3575 1153 3613 non
1165 3559 1292 3631 acquievi
1305 3563 1337 3615 ut
1346 3559 1530 3616 declinarem.
1541 3559 1575 3613 Et
1587 3557 1652 3614 ideo
1663 3556 1757 3612 adhue

106 3658 160 3695 uus
172 3643 257 3699 levat.
267 3645 308 3700 Et
319 3646 358 3701 sic
370 3646 459 3702 teivnei
474 3648 610 3702 rrrnnused
624 3647 751 3701 mandute
765 3653 809 3700 tue
820 3663 908 3717 opere
958 3662 1057 3700 rrrernor
1067 3652 1119 3701 esto
1130 3646 1202 3701 uerbi
1217 3650 1257 3702 tui
1272 3647 1448 3718 complendi,
1464 3647 1533 3719 quia
1549 3661 1604 3718 ego
1624 3661 1683 3700 uon
1697 3646 1756 3697 tra·

107 3732 290 3802 complenda,
316 3735 395 3807 quod
413 3736 549 3791 exercebor
567 3739 596 3790 in
610 3735 856 3807 justibeutlonibus,
879 3735 909 3791 id
959 3732 1018 3788 didi
1034 3733 1284 3805 obliviouijudieia
1300 3739 1349 3790 tua
1360 3735 1460 3806 justa;
1481 3733 1532 3791 sed
1550 3732 1644 3807 potius
1656 3747 1756 3786 mentor

107 3819 188 3876 estin
204 3823 349 3878 mandatis
362 3823 492 3896 tuisque.
504 3825 698 3897 complebam.
713 3823 795 3887 Quod
810 3828 853 3879 est
865 3823 909 3881 di-
957 3824 1003 3892 sui
1011 3822 1184 3892 judiciorum
1198 3828 1317 3890 tuorum,
1332 3823 1458 3890 Domine,
1475 3821 1610 3887 aseculo,
1623 3819 1653 3875 id
1667 3821 1709 3874 est
1719 3817 1755 3874 ab

107 3910 258 3966 cerezcum
267 3928 375 3983 magno
384 3913 519 3968 exercitio
529 3912 909 3986 operationismandatatua
959 3911 1043 3966 initio
1059 3911 1154 3967 seculi
1175 3913 1399 3985 completorum.
1424 3912 1507 3978 Quod
1525 3912 1570 3966 est
1589 3909 1706 3964 dicere:
1724 3909 1756 3963 ιιι

107 4012 194 4067 opere
207 4001 403 4072 complebam,
413 4001 539 4074 ideoque
554 4002 792 4073 maJusmeritum
802 4002 907 4062 babeo.
958 4000 1080 4068 perenni
1092 4000 1236 4056 memoria
1247 3999 1334 4056 habui
1345 4001 1469 4075 qualiter
1479 3999 1515 4057 ab
1525 3995 1758 4067 iniliosaeculiju·

141 4086 207 4142 Ζιιιι
216 4073 299 4145 discis
308 4090 351 4144 vel
362 4090 412 4144 leue
422 4090 640 4162 iuterpretatur.
657 4090 730 4155 Quia
744 4090 908 4147 intentione
959 4085 1008 4140 stis
1017 4087 1133 4158 judicus
1143 4087 1198 4143 tuis
1211 4091 1325 4144 sanctos
1339 4092 1405 4144 tuos
1419 4089 1508 4145 etiam
1525 4087 1556 4143 in
1575 4086 1629 4141 bac
1639 4083 1697 4139 vita
1709 4099 1756 4140 rc·

105 4189 174 4246 ergo
184 4175 313 4233 bdelium
323 4179 453 4234 collectio
465 4182 537 4247 oret,
547 4179 638 4235 inhac
646 4182 774 4235 clausula
784 4179 909 4251 septima
959 4176 1165 4243 muneraverit,
1182 4176 1241 4233 N00
1255 4176 1364 4233 scilicet
1379 4176 1571 4243 elAbfflhaffl·
1588 4177 1617 4230 θῑ
1639 4177 1758 4230 θίθῑθῖὓι

104 4274 157 4330 per
170 4262 256 4332 hujus
270 4266 347 4320 vocis
361 4266 637 4339 interpretationem
653 4268 818 4324 denotatur.
835 4268 908 4324 Cum
958 4262 1179 4334 hujusmodlllt
1190 4265 1255 4321 ideo
1267 4265 1415 4321 consolatus
1424 4282 1493 4332 sum,
1509 4263 1657 4320 conlidens
1668 4260 1757 4318 etiam

105 4347 945 4435 enimoretdepromissioneboatitudinis,praetendendo1)
959 4351 1109 4423 quiajusto
1119 4353 1228 4424 judicio
1240 4370 1287 4408 me
1305 4354 1479 4425 quandoque
1497 4350 1703 4408 remunerabis.
1723 4348 1758 4404 Et

103 4439 208 4498 merita
217 4456 278 4506 sua,
291 4458 326 4495 ea
334 4440 501 4497 intentione
513 4442 590 4509 lacit,
605 4446 637 4497 ut
652 4443 798 4498 auditores
807 4444 908 4501 invitet
958 4439 1024 4494 ideo
1039 4440 1131 4496 adhuc
1145 4440 1267 4512 dignum
1281 4444 1324 4495 est
1336 4444 1445 4512 uterga
1454 4438 1665 4495 mememorsis
1676 4435 1756 4494 verbi

106 4526 142 4581 ad
157 4527 629 4596 hanc,omuiinteutioneetboua
638 4530 807 4601 operatione
816 4531 906 4604 suspi-
958 4527 1265 4599 lui,quouia1u,quod
1285 4527 1526 4599 perfectissimum
1548 4530 1601 4595 est,
1621 4525 1756 4583 inimicos

105 4631 170 4672 rare
185 4618 214 4670 ot
225 4617 386 4684 intendere,
401 4617 468 4672 acsi
484 4617 561 4672 dicat
575 4635 582 4673 :
597 4618 638 4672 Tu
653 4617 817 4690 quicunque
832 4619 907 4675 bene
958 4614 1058 4684 diligo,
1076 4618 1105 4670 ιι
1119 4614 1192 4670 adeo
1222 4614 1299 4686 quod
1322 4615 1432 4685 desectio
1458 4618 1542 4672 tenuit
1568 4633 1609 4672 ene
1622 4632 1674 4687 pro
1686 4613 1755 4687 ipsis

106 4704 243 4773 operaris,
255 4705 309 4759 huc
320 4704 439 4771 intende
452 4704 489 4759 ad
500 4706 576 4777 quod
586 4706 710 4761 intendo
721 4706 758 4761 ad
766 4709 907 4763 eternam
958 4701 1083 4757 inimicis
1090 4703 1275 4774 peccatoribus
1285 4702 1480 4760 existentibus.
1498 4704 1628 4770 Quodest
1640 4701 1753 4758 dicere:

104 4790 327 4865 beatitudinem,
344 4793 453 4847 scilicet
468 4794 607 4865 quidquid
620 4794 688 4849 boui
705 4794 800 4862 iacies,
814 4794 908 4851 inleu·
958 4790 1052 4845 Nimia
1071 4789 1189 4847 tristitia
1217 4791 1366 4862 occupavit
1396 4809 1443 4849 me
1465 4809 1517 4865 pro
1540 4789 1665 4847 inimicis
1682 4787 1755 4844 meis

103 4879 235 4950 tiouehuj
242 4897 273 4934 us
282 4881 466 4936 beatitudinis
474 4882 832 4953 adipisceudaelacias,nou
841 4899 907 4956 pro·
956 4878 1163 4950 peccatoribus,
1179 4896 1243 4951 quse
1259 4881 1340 4934 tauta
1353 4884 1396 4936 est
1411 4883 1441 4935 ut
1456 4877 1642 4935 iudetotusiu
1654 4875 1753 4932 anima

102 4967 373 5023 lavorehominum.
390 4969 419 5024 Si
428 4974 526 5025 autem
542 4956 755 5043 notemusltss
765 4956 774 5042 Ι
785 4972 904 5028 earniu·
956 4967 1102 5023 tabescam
1119 4970 1148 5022 et
1164 4967 1311 5025 deficiam.
1325 4969 1451 5041 ldeoque
1466 4965 1588 5023 delectio
1603 4965 1717 5021 dicitur.

103 5055 343 5128 terpretutionem
359 5075 423 5129 quen
440 5061 491 5124 est,
505 5058 556 5112 etue
573 5066 599 5113 te
618 5074 625 5113 :
645 5059 722 5114 idem
737 5059 822 5123 valet,
836 5076 868 5114 ac
880 5058 904 5117 si
991 5057 1046 5111 Pro
1056 5055 1264 5127 peccatoribus,
1280 5057 1410 5129 inquam,
1423 5054 1661 5128 derelinquentibus
1671 5053 1753 5123 tepent

103 5143 178 5198 dicat
196 5144 256 5198 :Tu
270 5144 435 5217 quicunque
451 5147 543 5201 fidelis
553 5146 602 5218 qui
613 5148 686 5201 bene
700 5146 903 5219 operaris,due
957 5151 1043 5202 tuom.
1060 5145 1144 5211 Quod
1158 5149 1201 5200 est
1216 5145 1314 5201 dicere
1331 5163 1337 5200 :
1354 5145 1420 5203 ldeo
1436 5160 1489 5217 pro
1504 5143 1545 5200 eis
1559 5142 1751 5200 delectionem

103 5236 130 5286 te
146 5231 307 5288 intentione
323 5236 372 5288 tua
386 5235 423 5289 ad
437 5235 504 5301 hoo,
521 5234 557 5288 ad
568 5236 764 5306 quoderando
774 5252 821 5291 me
830 5236 903 5292 duco
954 5234 1060 5305 patior,
1068 5234 1134 5306 quia
1145 5234 1239 5305 legem
1250 5236 1329 5289 tuam
1337 5233 1554 5309 derelinquunt,
1565 5248 1624 5290 nou
1632 5230 1753 5304 quiame

103 5320 902 5393 etbenejoperanao‚setticetadeternanbeatimdtnem.
954 5324 1182 5394 persequuntur.
1198 5322 1233 5375 Et
1247 5320 1312 5378 ideo
1332 5321 1426 5377 adhuc
1444 5337 1543 5377 muner
1554 5319 1691 5378 estoeerbi
1701 5321 1750 5389 tui,

136 5406 243 5463 Memor
257 5416 309 5463 esto
322 5411 401 5475 uerbi,
414 5414 469 5466 ete.
483 5410 567 5476 Quasi
582 5410 690 5467 diceret
703 5429 709 5467 z
723 5411 794 5479 uixi,
806 5412 904 5469 borni·
954 5411 1023 5483 quia
1036 5428 1095 5466 non
1114 5411 1208 5466 solum
1223 5427 1288 5467 cum
1302 5409 1408 5481 superbi
1415 5413 1505 5483 inique
1515 5407 1752 5480 uqebcntmonde·

104 5513 151 5564 ue,
168 5498 247 5570 quod
265 5498 438 5554 ambulabam
460 5502 491 5556 in
512 5501 663 5564 latitudine,
683 5506 708 5555 et
729 5501 853 5573 loquebar
873 5502 905 5556 in
954 5501 1053 5555 elirreui
1062 5517 1079 5553 u
1094 5498 1151 5570 leqe
1164 5503 1225 5567 tue,
1241 5499 1292 5555 sed
1304 5504 1334 5557 ιι
1347 5499 1491 5559 cumatile
1506 5499 1574 5556 mibi
1585 5505 1660 5556 mant
1668 5499 1752 5572 jesu·

102 5586 258 5642 testimoniis
282 5589 359 5644 tuis:
380 5595 405 5642 et
431 5589 510 5661 quod
537 5590 685 5646 meditabar
713 5592 741 5644 in
769 5589 905 5647 rrecndetis
954 5592 1089 5661 flectiones
1103 5589 1211 5660 tuae,id
1223 5592 1266 5646 est
1280 5588 1466 5647 delectabilia
1480 5588 1553 5646 mibi
1567 5592 1650 5646 erant
1669 5605 1754 5646 mau-
