3772 5970
185 277 237 340 643
478 270 508 338 S.
531 272 704 335 BRUNONIS
726 267 1043 332 CARTHUSIANORUM
1062 267 1297 330 mommolus
1317 272 1396 331 OPP.
1416 270 1505 330 PARS
1520 270 1542 329 l.
1794 266 1844 330 tii

185 398 1024 475 tuendumeoadunatamsynagogeverointerpreteturA
1038 394 1169 451 tuendus
1184 400 1227 453 εει
1239 398 1361 467 Christo,
1379 398 1427 472 qui
1432 398 1498 470 jure
1513 394 1734 468 dicitur'Devid,
1749 396 1838 454 David

101 492 105 503 ’
186 498 365 568 εοηρνεεαιιε.
382 494 431 549 Vel
448 494 488 547 ita
502 492 557 565 legi
579 494 673 563 potest
685 506 779 544 versus
789 488 841 542 iste
851 505 856 542 :
868 486 896 542 Si
909 487 988 557 impii
1037 486 1535 557 enimiuterpretaturdesiderabilis.
1550 486 1754 542 Christusvero
1769 486 1841 543 desi·

186 586 315 658 superius
323 581 678 655 accipiunturgeneraliler
690 583 718 633 ει
727 595 780 651 pro
788 577 950 632 infidelibus
958 578 987 630 et
1038 574 1172 630 derabilis
1188 576 1490 646 estjuxtailludJecob
1505 595 1511 632 :
1526 577 1587 649 ipse
1600 575 1656 632 erit
1667 576 1841 648 exspectatio

186 690 239 746 pro
254 672 386 728 fidelibus
398 671 605 744 peccatoribus,
629 670 708 739 iiupii
719 684 772 721 non
785 668 825 721 sic
840 669 935 721 erunt.
952 666 986 719 Et
1037 664 1168 734 gentium
1183 663 1260 731 (Gen.
1270 681 1343 728 ιω,
1356 668 1425 735 10].»
1436 668 1644 738 Interpretatur
1657 680 1777 737 quoque
1788 667 1839 721 ita·

187 762 313 820 ostendit
326 778 378 834 per
400 763 495 833 partes
510 775 597 831 quare
613 759 652 812 sic
666 757 773 812 dicens.
791 756 824 809 Et
839 756 893 810 hoc
908 754 985 822 ideo,
1035 752 1082 807 vid
1094 754 1278 823 manufortis.
1293 753 1514 809 Christusetiem
1524 752 1706 810 manufortis
1718 753 1842 826 estquis

187 852 254 924 quie
268 852 354 923 impii,
371 850 400 905 id
424 852 468 904 εει
491 847 622 903 infideles
648 862 706 901 non
723 847 876 917 resurgunt
889 844 918 899 in
931 844 987 899 hoc
1037 839 1185 895 diabolum
1201 841 1363 909 debellavit,
1372 842 1533 912 juxtaillud
1558 859 1594 897 2«
1610 842 1693 896 Nunc
1706 841 1840 915 princeps

185 941 295 997 mundo
310 940 347 995 ab
356 938 524 993 infidelitate
533 953 583 990 sua
592 935 740 1005 injudicio,
751 934 779 988 id
795 936 837 988 εει
847 949 899 1003 per
907 931 985 1002 judi·
1036 930 1121 1001 hujus
1134 930 1236 985 mundi
1245 930 1375 1001 ejicietur
1390 931 1467 986 toras
1481 930 1571 1001 (locis.
1583 946 1632 996 ιιι,
1648 929 1704 1001 sl).
1715 949 1731 978 »
1763 930 1838 984 Psal-

185 1030 272 1098 cium,
286 1027 412 1083 idestite
423 1029 454 1081 ut
466 1023 737 1097 perconlessionem
747 1022 889 1093 judicent,
903 1020 933 1075 id
943 1023 986 1074 εει
1036 1035 1099 1072 mus
1114 1021 1211 1073 autem
1225 1019 1379 1091 aliquando
1395 1037 1448 1092 pro
1463 1019 1524 1090 ipso
1538 1020 1672 1084 tractatu,
1684 1016 1840 1089 aliquando

185 1118 326 1174 damnent
340 1115 540 1169 infidelitatem
552 1128 644 1166 suem.
662 1133 675 1160 κ
692 1112 765 1164 lt'am
779 1110 801 1164 si
817 1108 986 1178 semctipsos
1035 1123 1088 1178 pro
1101 1107 1179 1162 bono
1190 1123 1277 1180 opere
1292 1107 1419 1179 ponitur.
1434 1108 1563 1162 Psatmus
1573 1107 1651 1162 enim
1667 1105 1841 1178 symphonia

183 1205 226 1276 (ut
244 1204 284 1259 ait
296 1203 456 1275 Apostolus)
461 1201 638 1273 judicarent,
655 1215 715 1254 non
731 1198 984 1270 utiquealtomino
1036 1197 1087 1261 εει,
1105 1212 1169 1267 quae
1185 1211 1250 1250 cum
1264 1212 1352 1269 opere
1363 1212 1505 1251 manuum
1518 1195 1626 1251 musico
1641 1195 1837 1251 instrumento

179 1292 379 1364 judicarentur
386 1290 414 1361 (I
417 1288 480 1345 Cor.
493 1288 582 1357 11,3l).
596 1310 609 1336 »
617 1287 712 1359 Neque
721 1293 882 1357 peccatores,
898 1286 986 1340 idest
1035 1281 1077 1348 fit,
1093 1282 1227 1355 ideoque,
1243 1300 1297 1356 peo
1323 1299 1409 1356 opere
1435 1283 1590 1356 aliquando
1614 1283 1747 1356 ponitur.
1764 1283 1838 1337 Psal-

182 1380 246 1436 t'alsi
255 1379 363 1446 fideles,
381 1377 682 1449 resurguntadhocut
694 1375 791 1429 sintin
804 1373 984 1445 consiliojus·
1036 1386 1100 1425 mus
1111 1375 1208 1426 autem
1223 1371 1275 1426 iste
1292 1387 1343 1426 vox
1355 1371 1460 1445 Capitis
1471 1374 1523 1439 est,
1540 1371 1576 1426 de
1588 1371 1725 1427 Pessione
1735 1371 1838 1427 suatu-

185 1475 282 1535 torum,
304 1467 388 1522 idest
403 1465 601 1535 utsicutjusti
616 1465 776 1518 voluntates
791 1461 919 1517 suasDei
935 1478 984 1516 vo·
1037 1458 1114 1514 daeos
1131 1463 1160 1514 ει
1175 1463 1275 1532 gentes
1290 1460 1461 1516 tribulentes
1478 1477 1508 1516 se
1538 1459 1727 1533 increpantis.
1759 1458 1838 1524 Quod

184 1555 342 1610 luntatihus
351 1556 534 1627 postponent
545 1555 642 1608 Potest
652 1555 681 1606 ει
695 1552 749 1605 hoc
763 1554 917 1622 utrumque
930 1549 985 1604 dici
1037 1546 1101 1602 ideo
1114 1548 1192 1614 facit,
1209 1550 1240 1602 ut
1250 1552 1459 1620 consequenter
1473 1548 1608 1605 ostendat
1622 1549 1737 1603 nullum
1756 1547 1838 1603 fructi

183 1644 219 1699 de
229 1643 403 1708 infidelibus,
418 1643 534 1712 utimpii
542 1643 608 1703 sint,
619 1640 697 1694 idest
707 1641 797 1694 [teum
806 1638 983 1710 ignorantes,
1035 1652 1084 1690 eos
1097 1635 1164 1690 inde
1175 1636 1318 1704 habuisse,
1334 1636 1385 1692 sed
1394 1636 1556 1694 econtrario
1572 1635 1797 1693 damnationem
1811 1637 1837 1690 in

183 1734 212 1787 et
225 1732 256 1786 in
276 1731 381 1802 judicio
392 1729 450 1785 don
465 1731 658 1800 resurgentes,
674 1730 703 1781 ct
713 1733 874 1798 peccatores,
893 1727 922 1781 id
942 1731 984 1782 est
997 1718 1021 1776 B
1035 1724 1132 1779 futuro
1146 1728 1321 1796 recepturos,
1338 1742 1368 1779 se
1384 1741 1451 1780 vero
1463 1723 1691 1781 Resurrectionis
1714 1724 1837 1796 gloriam

181 1835 245 1874 sues
259 1819 420 1874 voluntates
430 1814 983 1886 [teivoluntatibuspreponentesidco-
1035 1817 1065 1869 ει
1072 1814 1251 1869 Ascensionis
1266 1818 1417 1887 totumque
1433 1815 1576 1869 mundum
1583 1814 1737 1886 recepisse,
1744 1830 1838 1870 secun·

123 1928 126 1932 ’
181 1923 237 1980 que
252 1910 280 1962 ia
292 1906 402 1961 concilio
424 1907 466 1959 vel
478 1905 588 1959 consilio
597 1905 735 1974 justorum
749 1921 806 1959 non
820 1903 982 1958 existentes.
1038 1903 1108 1958 dum
1122 1903 1201 1975 quod
1215 1903 1304 1958 homo
1324 1906 1386 1958 erat
1399 1906 1428 1958 ει
1442 1903 1504 1973 ejus
1516 1903 1685 1975 imperium.
1701 1903 1776 1959 Nam
1798 1917 1837 1958 se·

180 1994 316 2067 Sequitur
332 2012 338 2050 :
359 1993 492 2061 Quoniam
504 1994 588 2059 uouit,
602 1996 656 2046 etc.
674 1992 752 2046 ldem
778 1991 816 2045 sic
831 1992 983 2046 continua·
1035 1992 1164 2046 cundum
1178 1991 1360 2046 divinitatem
1376 1993 1443 2046 ente
1454 1992 1558 2047 saecula
1572 2008 1638 2047 cum
1649 1991 1839 2048 Putreltomi·

179 2083 403 2139 tur:Piierunt
418 2089 547 2152 tunquam
562 2081 674 2150 lignum,
703 2080 733 2134 id
761 2083 803 2134 est
818 2079 890 2133 sicut
905 2079 984 2135 Chri·
1035 2095 1089 2134 nus
1104 2079 1236 2134 omnium
1249 2080 1396 2135 existebat.
1414 2081 1448 2135 Et
1458 2081 1511 2135 hoc
1527 2081 1566 2135 sic
1580 2080 1673 2136 dicit:

179 2174 249 2238 stus,
266 2171 363 2226 ethoc
388 2170 595 2241 ide0,quom'am
623 2169 698 2222 novit
724 2167 868 2234 Dominus,
895 2167 984 2222 idest
1070 2166 1160 2234 Quare
1170 2168 1348 2237 (reticuerunt,
1374 2167 1404 2222 id
1418 2172 1460 2223 εει
1474 2169 1601 2223 trement
1619 2172 1734 2241 gentes,
1751 2169 1782 2224 id
1799 2173 1838 2224 est

179 2258 321 2330 probavit,
338 2258 445 2313 amavit
457 2258 675 2328 aiamjustormu,
687 2257 766 2310 idest
774 2257 881 2310 bonam
894 2256 982 2311 vitum
1037 2255 1162 2310 Romani
1185 2256 1291 2311 milites
1303 2256 1352 2328 qui
1367 2273 1413 2311 me
1429 2257 1620 2329 crucifigent?
1635 2256 1739 2324 Quare,
1755 2257 1785 2312 id
1800 2263 1839 2313 est

178 2345 209 2402 in
224 2348 278 2402 hoc
306 2346 415 2400 mundo
431 2362 494 2417 quse,
511 2344 766 2399 viaesladvitsm
784 2347 934 2398 oeternaml
950 2346 984 2399 Et
1034 2344 1838 2417 quautilitatefrement,idestirrationabiliteragentin

177 2435 263 2505 impii
274 2450 332 2489 non
343 2434 382 2488 sic
395 2436 490 2500 erunt;
503 2437 531 2488 ει
541 2433 596 2487 hoc
617 2432 757 2503 ideoquia
772 2431 911 2486 Dominus
923 2449 980 2487 non
1033 2433 1106 2487 me‘l
1120 2433 1212 2487 Nulla.
1224 2434 1358 2487 Fremcre
1372 2450 1440 2489 vero
1453 2434 1572 2489 leonum
1587 2438 1640 2503 est,
1657 2435 1707 2506 qui
1726 2435 1837 2491 irratio·

178 2522 260 2577 novit
269 2523 322 2577 iter
336 2519 624 2586 eorum,idestvitam
652 2521 685 2573 Et
695 2535 760 2573 cum
769 2519 979 2587 debuitdiccre,
1033 2521 1143 2575 nabiles
1155 2525 1231 2575 sunt.
1244 2520 1473 2593 ldeoqucqcutes,
1486 2522 1515 2576 id
1525 2526 1569 2577 est
1583 2523 1707 2594 gentiles
1723 2523 1792 2579 dicit
1804 2523 1831 2579 in

177 2613 320 2677 nounouit,
330 2609 639 2682 ponitaequipollenter
646 2608 779 2662 ellectum
793 2623 844 2679 per
853 2624 979 2677 causam,
1031 2626 1060 2663 se
1076 2610 1105 2663 in
1120 2609 1350 2665 suicrucifirione
1365 2611 1593 2680 fremuisseidest
1601 2612 1836 2669 irrationabiliter

171 2698 379 2771 perircscilicet
388 2713 439 2769 pro
448 2713 620 2751 nonnosccre.
631 2696 706 2750 Inter
715 2698 858 2767 impiorum
864 2698 978 2766 peribit,
1031 2698 1092 2754 sine
1109 2716 1201 2754 causae
1226 2699 1407 2770 oppositione
1436 2717 1503 2755 euru
1531 2700 1712 2756 crucifixisse.
1747 2701 1836 2757 iudai

175 2787 206 2842 id
221 2791 262 2843 εει
272 2785 609 2858 pravevitaeorumquae
620 2789 662 2838 est
672 2783 978 2852 itereisadinfernum‚
1030 2787 1119 2854 enim,
1136 2787 1188 2842 etsi
1205 2804 1263 2842 non
1277 2788 1385 2842 hahent
1400 2804 1527 2855 causam,
1540 2805 1570 2843 se
1599 2790 1699 2845 tamen
1720 2806 1834 2845 oausam

171 2858 319 2947 peritit5
334 2875 416 2930 idest
430 2891 479 2929 eos
493 2873 588 2944 perire
603 2873 698 2934 saciet,
714 2889 778 2926 cum
792 2889 809 2926 ε
824 2874 882 2928 Deo
899 2873 980 2946 igno·
1030 2875 1287 2942 dicebanthuberc,
1297 2876 1379 2947 juxta
1391 2875 1461 2931 illud
1471 2894 1499 2930 :c
1517 2877 1566 2932 Hic
1582 2877 1672 2934 homo
1686 2894 1748 2933 nou
1764 2882 1835 2934 esta

174 2967 264 3030 retur,
280 2962 362 3018 idest
377 2978 435 3016 uon
451 2964 574 3025 ametur,
591 2961 664 3015 sicut
678 2961 756 3026 idem
775 2960 805 3014 in
825 2961 978 3033 Evangelio
1029 2963 1150 3034 Dc0,qui
1159 2963 1317 3017 Sabbatum
1332 2980 1390 3019 non
1405 2964 1529 3019 custodit
1543 2964 1634 3031 (loca.
1648 2981 1686 3033 rx,
1704 2966 1761 3039 lt).
1775 2989 1790 3017 »
1801 2967 1834 3021 Et

173 3054 313 3108 testatur:
329 3048 429 3113 Amen,
444 3049 505 3104 dico
518 3050 591 3104 uobis
608 3049 729 3103 :Nescio
744 3064 789 3103 aas
805 3048 916 3119 (Mutela.
926 3066 977 3103 xxv
990 3012 1014 3072 C
1029 3051 1112 3106 alibi:
1127 3051 1318 3105 «Secundum
1334 3052 1429 3123 legem
1439 3052 1525 3107 debet
1542 3053 1625 3120 mori,
1643 3053 1712 3124 quia
1732 3055 1832 3111 Filium

174 3142 232 3207 m),
245 3138 274 3194 id
289 3141 396 3193 estnon
408 3153 484 3192 amo.
500 3138 548 3192 Vel
564 3137 647 3192 aliter
662 3138 716 3192 hoc
732 3136 929 3204 continuatur,
946 3140 977 3192 ut
1028 3139 1078 3194 uei
1089 3156 1119 3193 se
1130 3139 1197 3193 lecit
1212 3138 1301 3207 (loon.
1320 3156 1375 3193 ιιι.
1390 3145 1431 3205 7).
1443 3162 1457 3189 ε
1484 3140 1608 3213 Ideoque
1623 3142 1698 3196 benc
1717 3143 1832 3215 subiun-

172 3225 310 3298 expositio
327 3241 385 3279 non
402 3229 530 3279 mutetur
538 3223 693 3278 Peccatores
716 3242 769 3278 uon
793 3231 929 3294 resurgent
944 3226 975 3279 in
1027 3227 1069 3299 git
1086 3245 1091 3282 :
1108 3227 1146 3281 Et
1156 3229 1264 3299 populi,
1275 3228 1304 3282 id
1317 3231 1360 3282 εει
1374 3227 1463 3283 Judaei
1479 3228 1527 3301 qai
1543 3229 1614 3283 mihi
1642 3229 1672 3284 in
1689 3233 1830 3303 populum

171 3313 286 3369 consitio
297 3315 339 3367 vel
355 3312 467 3367 consitio
490 3312 639 3382 justorum,
655 3319 680 3365 et
692 3313 776 3382 impii
791 3313 822 3366 iu
842 3313 951 3382 judicio
965 3331 974 3379 3
1027 3332 1086 3370 εεεε
1100 3316 1217 3383 debent,
1238 3315 1310 3370 sicut
1324 3315 1518 3386 scriptumest
1533 3333 1540 3371 :
1555 3340 1569 3366 u
1586 3318 1645 3389 Ego
1670 3334 1723 3374 ero
1739 3320 1792 3375 tibi
1801 3320 1830 3375 in

173 3404 202 3456 et
216 3402 270 3456 hoc
285 3401 349 3455 ideo
365 3400 430 3467 erit,
446 3401 583 3471 quoniam
597 3401 731 3455 Dominus
752 3402 828 3455 novit
842 3402 915 3455 uiam
926 3401 974 3472 ju·
1025 3405 1127 3469 Deum,
1143 3407 1172 3457 et
1185 3407 1217 3457 tu
1232 3404 1288 3458 eris
1302 3405 1374 3459 mihi
1387 3404 1417 3458 in
1435 3405 1573 3476 populum
1591 3404 1666 3478 (Leo.
1683 3406 1830 3474 xxvnlul.»

171 3489 542 3558 storumctiterc'mptorum
563 3489 675 3558 peribit,
694 3488 722 3542 id
751 3492 793 3542 εει
820 3489 884 3544 ideo
916 3505 974 3543 non
1027 3491 1126 3560 Quare,
1141 3493 1169 3546 id
1185 3497 1228 3547 est
1256 3509 1313 3565 que
1341 3492 1462 3548 utilitate
1492 3494 1682 3566 assequenda,
1707 3495 1831 3551 meditati

171 3577 293 3632 vulteos
307 3593 367 3631 esse
382 3592 448 3630 cum
460 3576 553 3648 justis,
576 3576 643 3647 quia
671 3577 729 3630 vita
749 3577 895 3647 justorum
922 3576 974 3650 ipsi
1024 3588 1086 3635 suut
1101 3583 1205 3643 inam'c,
1221 3580 1250 3635 id
1266 3585 1308 3636 est
1321 3580 1537 3636 meditabuntur
1564 3598 1613 3637 me
1640 3582 1773 3639 detinere
1800 3584 1829 3639 in

170 3666 273 3739 placet,
289 3665 348 3720 vita
367 3681 433 3720 vero
448 3663 604 3735 impiorum
620 3664 758 3736 displicet.
1025 3672 1170 3735 mortuno
1180 3668 1305 3723 mundus
1316 3672 1380 3741 post
1396 3686 1443 3724 me
1453 3670 1827 3741 abeatquodinanineerit.

437 3753 471 3808 ΙΝ
489 3751 649 3809 PSALMUM
664 3755 696 3807 ll.
1025 3756 1095 3811 Cum
1107 3757 1314 3819 dicitmeclttari,
1327 3759 1466 3812 noteteos
1478 3759 1602 3813 muttum
1612 3758 1642 3813 in
1656 3775 1744 3814 causa
1753 3776 1828 3816 mor

205 3845 333 3900 Psalmus
345 3845 443 3898 autem
459 3841 592 3914 quihunc
604 3841 743 3913 sequitur,
769 3842 972 3914 aquibusdam
1023 3845 1059 3900 tis
1066 3845 1127 3916 ejus
1137 3843 1309 3900 invenienda
1316 3845 1505 3901 laboraturos.
1521 3847 1555 3901 Et
1562 3862 1621 3901 non
1635 3847 1730 3902 solum
1746 3848 1825 3903 labo·

167 3949 232 3988 cum
246 3931 385 4004 superiori
399 3929 502 3985 dicitur
517 3947 599 3995 unus,
618 3933 647 3983 ει
658 3946 675 3983 a
687 3931 872 4001 quibusdem,
887 3931 969 3989 alius.
1021 3936 1158 3988 raserunt
1171 3932 1362 3999 minores,sed
1373 3932 1460 3987 etiam
1476 3934 1672 4005 reges.Etnon
1685 3936 1828 4008 suiipsius

169 4020 367 4076 Diciturenim
378 4018 407 4072 in
422 4017 538 4072 Actibus
554 4018 749 4087 apostolarum
763 4019 904 4073 secundus
919 4019 971 4074 iste
1021 4037 1113 4091 reges,
1130 4021 1217 4075 sedet
1231 4038 1302 4091 repes
1317 4026 1403 4087 terrae,
1420 4021 1449 4075 id
1476 4024 1519 4076 eu
1536 4022 1644 4077 terreni
1662 4039 1668 4077 :
1683 4028 1826 4098 uterque;

167 4108 295 4180 psalmus
310 4105 385 4177 (Act.
400 4121 460 4171 xm,
476 4105 531 4174 33).
557 4105 681 4169 Primus,
695 4106 774 4177 quod
788 4106 871 4161 facile
886 4107 968 4162 solvi·
1021 4108 1137 4176 scilicet,
1149 4109 1275 4163 Herodes
1284 4125 1356 4162 unus
1369 4108 1398 4163 in
1419 4109 1581 4177 Nativitate‚
1606 4112 1679 4165 alter
1701 4110 1733 4167 in
1759 4115 1826 4168 Pes·

168 4196 233 4259 tur;
244 4194 394 4248 titulorum
411 4191 490 4246 enim
517 4192 696 4263 psalmorum
711 4192 822 4263 primus
832 4196 884 4261 est,
904 4211 968 4250 cum
996 4237 1002 4247 .
1020 4195 1101 4251 sione
1112 4199 1141 4250 ει
1151 4196 1266 4251 Ρίιειιιε.
1277 4195 1367 4263 Quare
1379 4198 1532 4265 astiterunt,
1543 4198 1623 4254 idest
1632 4200 1778 4256 astabunt.
1793 4202 1827 4256 Et

167 4281 279 4354 primus
295 4280 378 4335 titulo
393 4281 498 4333 careat.
515 4278 660 4342 Quantum
683 4296 749 4337 vero
773 4282 809 4335 ad
837 4283 969 4339 ordinem
981 4263 1007 4321 Ῑ)
1021 4289 1063 4339 εει
1076 4285 1201 4355 positum
1209 4300 1260 4356 pro
1274 4285 1521 4352 institerunt,cum
1532 4286 1562 4341 in
1574 4287 1714 4344 Hebraico
1731 4289 1826 4345 sicha·

168 4372 359 4444 psalmorum,
385 4367 536 4431 secundus,
550 4367 724 4440 alioquando
748 4369 826 4423 enim
851 4374 969 4427 centum
1019 4373 1122 4429 beatur
1137 4390 1143 4428 :
1159 4373 1198 4429 Et
1211 4375 1346 4444 principes
1361 4373 1538 4438 sacerdotum,
1554 4375 1583 4431 id
1604 4379 1647 4431 est
1661 4376 1785 4450 Caiphae
1797 4380 1826 4433 ει

166 4457 378 4532 quinquaginta
395 4472 452 4512 non
464 4460 567 4511 essent.
584 4454 612 4510 Si
628 4472 695 4512 vero
709 4457 968 4527 sitsccundas‚sivc
1018 4463 1125 4529 Annas,
1151 4466 1180 4517 ει
1194 4461 1289 4517 caeteri
1299 4469 1488 4524 conuenerunt,
1505 4463 1534 4517 id
1547 4466 1590 4518 εει
1604 4464 1779 4520 convenient
1795 4468 1824 4520 in

166 4563 232 4603 oum
242 4545 335 4616 primo
346 4545 624 4618 idem,sempercum
634 4545 774 4616 superiori
783 4547 968 4603 continuatur
1017 4550 1258 4617 uuum,malitiose
1268 4551 1521 4622 agentesadversus
1529 4551 1678 4606 Dominum
1693 4554 1822 4623 Patrem,

166 4633 321 4691 Sciendum
330 4633 580 4688 estautemtitulos
588 4634 966 4706 psalmorum‚intentiones,
1018 4646 1042 4694 et
1056 4639 1183 4693 aduersus
1194 4656 1234 4694 me
1254 4638 1404 4707 Christum,
1434 4641 1464 4695 id
1485 4643 1526 4694 est
1542 4656 1641 4712 regem
1656 4641 1718 4711 ejus
1736 4643 1825 4698 idest

164 4726 209 4782 vel
223 4740 276 4797 per
289 4722 330 4777 rei
345 4721 517 4794 gestionem,
533 4722 577 4775 vel
592 4737 644 4792 per
658 4722 733 4776 vocis
748 4722 966 4796 interpretatio·
1018 4727 1096 4782 abeo
1113 4727 1309 4782 constitutum.
1321 4727 1393 4782 Cum
1408 4730 1506 4782 autem
1522 4727 1591 4782 dicit
1615 4745 1676 4783 uon
1700 4730 1820 4786 Putrem

164 4828 243 4878 nem,
259 4810 471 4881 ueletiamper
489 4812 643 4882 utrumque
673 4809 836 4883 designare.
853 4813 964 4868 Perrei
1017 4815 1067 4869 sed
1077 4815 1243 4882 Dominum,
1259 4815 1371 4886 gravius
1385 4815 1446 4886 ejus
1459 4818 1550 4882 notat,
1578 4816 1661 4887 quasi
1688 4816 1822 4873 diceret:

164 4899 336 4973 gestionem,
346 4914 413 4953 cum
428 4896 537 4969 aliquid
548 4900 662 4970 gestum
681 4899 759 4970 quod
775 4900 812 4955 ad
841 4901 966 4972 liguram'
1018 4903 1089 4958 Cum
1099 4903 1153 4974 ipsi
1165 4903 1247 4968 servi,
1265 4903 1311 4957 ille
1324 4903 1462 4958 Dominus
1477 4905 1560 4971 esset,
1583 4902 1737 4976 iudignum
1766 4905 1824 4962 luit

163 4988 290 5060 pertinet
302 4986 465 5053 denotatur,
477 4986 630 5057 utquando
641 4987 761 5043 dicitur:
776 4987 869 5043 Dauid
889 4991 965 5061 psal·
1017 5009 1065 5046 eos
1076 4991 1152 5046 illius
1167 4992 1309 5046 adversari
1326 4992 1452 5057 decreto,
1466 5008 1532 5047 cum
1547 5008 1595 5047 me
1609 5008 1711 5065 regem
1725 4995 1761 5051 ab
1786 5012 1822 5051 eo

163 5092 238 5141 mus3
249 5092 309 5130 cum
322 5075 428 5144 sugeret
445 5091 462 5126 a
485 5073 557 5145 facie
570 5073 703 5143 Absalou,
720 5075 797 5147 quod
813 5077 849 5131 ad
861 5078 964 5135 Christi
1017 5080 1204 5135 constitutum
1220 5082 1401 5151 respuerunt,
1416 5063 1448 5150 6
1468 5084 1496 5135 ει
1519 5080 1548 5136 in
1564 5085 1659 5136 morte
1686 5082 1820 5141 detinere

162 5163 287 5236 figuram
301 5162 409 5217 lactum
426 5165 477 5216 est.
502 5162 555 5216 Per
581 5163 656 5217 vocis
678 5163 961 5235 interpretationem,
1014 5168 1175 5223 voluerunt.
1201 5169 1272 5224 Cum
1299 5169 1480 5224 autemdicit
1505 5169 1734 5242 :Dirumpamuu
1749 5176 1820 5241 etc„

162 5250 279 5324 quando
294 5250 354 5304 sola
368 5248 444 5303 vocis
460 5247 707 5320 interpretatione,
717 5249 963 5323 sinereigestione
1013 5257 1219 5327 apostrophem
1234 5257 1301 5312 lacit
1314 5256 1351 5312 ad
1367 5273 1443 5325 suos,
1458 5258 1617 5312 adhortans
1637 5275 1675 5314 ne
1702 5260 1738 5314 ab
1763 5259 1821 5318 illis

160 5337 265 5412 psalmi
281 5337 447 5409 designatur
469 5337 602 5405 intentio,
630 5342 660 5394 ut
688 5339 717 5392 in
745 5341 800 5395 hoc
834 5345 959 5400 secundo
1012 5348 1092 5400 metu
1104 5348 1154 5399 aut
1169 5344 1315 5400 blanditiis
1329 5345 1560 5415 incorporentur,
1577 5363 1614 5401 ne
1629 5348 1667 5403 oh
1680 5347 1710 5402 id
1730 5347 1761 5403 in
1775 5349 1820 5404 fu-

161 5425 367 5500 psatmo,cujus
376 5425 474 5479 titulus
483 5427 547 5494 talis
555 5430 612 5481 est:
623 5428 749 5484 Psalmus
765 5427 867 5484 Dauid.
877 5430 959 5494 Quod
1010 5435 1086 5501 turo,
1103 5433 1172 5488 sicut
1182 5436 1212 5487 ει
1225 5433 1290 5503 ipsi,
1307 5433 1491 5490 damnentur.
1509 5435 1551 5489 llli
1565 5435 1693 5492 trement
1710 5441 1741 5492 ει
1756 5455 1818 5495 me-

163 5513 204 5570 sic
215 5512 385 5584 exponitur:
404 5513 545 5581 Psalmus,
559 5514 589 5571 id
604 5518 647 5572 est
661 5518 798 5573 tractatus
812 5517 864 5574 iste
887 5519 969 5576 attri·
1014 5522 1191 5589 ditabuntur,
1223 5525 1251 5577 et
1278 5523 1451 5580 convenient
1483 5523 1618 5581 adversus
1643 5526 1813 5585 Dominum.
