3772 5970
111 171 177 282 isit

414 216 444 280 S.
464 220 636 282 BRUNONlS
655 219 971 311 nlntttbsmltbttblt
988 222 1223 283 lNS'll'lU'ltllllS
1241 222 1321 282 OPP.
1341 216 1459 281 ranst

1701 212 1771 278 tart

104 357 157 403 oua
170 341 311 420 accipiant
325 342 423 402 lldeles
435 345 462 400 in
476 346 597 402 vanitate
619 349 737 404 civitates
757 365 832 416 suas,
857 350 945 413 eosA
959 349 1002 405 est
1016 349 1129 407 assidua
1141 349 1178 406 ad
1192 347 1384 406 aeternitatem
1395 346 1523 404 ducens:
1539 342 1652 401 scilicet
1664 339 1707 400 sie
1727 343 1770 400 tac

106 434 239 491 similiter
253 433 342 491 occidi
359 434 425 490 odio
447 435 567 505 liabens,
582 435 620 490 Et
634 437 701 492 licet
713 454 762 493 eos
777 439 907 505 oderam,

107 524 206 577 tamen
222 539 255 576 cx
267 521 464 594 compassione
482 524 684 580 misericordia¹
702 526 873 592 tabescebam,
881 525 910 579 id

108 612 153 678 est
165 608 303 665 anxiabar
315 625 367 680 pro
381 611 422 665 eis
438 609 466 665 in
480 611 587 679 anima,
602 629 619 667 a
634 612 823 667 similitudine
835 613 910 668 illius

108 696 158 769 qui
173 704 215 751 'ex
231 697 322 752 nimia
336 697 480 752 anxietate
506 699 635 754 tabescit.
660 700 841 768 Tabescebam,
865 700 909 754 iu-

108 801 208 857 quam,
224 785 382 840 extendens
396 803 444 840 me
459 787 689 843 consideratione
700 807 778 860 super
787 789 851 844 illos
861 790 912 843 ini·

107 875 189 928 micas
204 890 274 928 meos
289 873 451 941 existentes,
471 876 549 945 quod
556 875 633 946 juste
649 877 787 950 puniendi
802 876 911 944 sunt,id

108 963 153 1015 est
167 960 305 1017 anxiabar
323 979 356 1017 ex
371 963 570 1034 compassione
595 965 790 1021 damnationis
808 981 910 1020 eorum

106 1064 195 1121 quam
210 1049 415 1122 providebam.
432 1052 463 1104 lu
474 1051 529 1106 boc
541 1056 638 1107 autem
649 1053 732 1108 nobis
746 1055 911 1124 exernplum

106 1135 135 1190 in
151 1153 180 1191 se
194 1136 363 1208 praescribit,
375 1141 538 1211 quantenus
550 1140 586 1193 de
600 1140 783 1195 inimicorum
792 1141 911 1196 damna·

106 1220 187 1278 tione
203 1225 407 1295 compatiendo
420 1226 528 1281 anxiari
540 1213 750 1290 debemus,etsi
761 1227 846 1282 cosin
858 1227 913 1282 boc

107 1311 186 1382 quod
200 1313 284 1367 malis
294 1317 364 1367 sunt
378 1313 502 1368 odimus.
518 1315 599 1369 Unde
610 1316 732 1388 Prosper
743 1333 750 1370 ε
760 1316 868 1369 «Recte
882 1315 912 1370 in

108 1399 193 1454 matis
202 1399 317 1454 odimus
330 1400 471 1456 malitiam
479 1401 659 1473 etdiligimus
674 1406 846 1458 creaturam.
861 1424 875 1451 n

146 1485 218 1550 Ouia
233 1504 299 1542 vero
313 1488 423 1543 dixerat
429 1505 458 1542 se
466 1489 532 1544 odio
543 1491 650 1545 babere
661 1494 835 1562 peccatores,
846 1506 913 1544 cum

92 1634 96 1641 ,
111 1574 258 1646 quoddam
271 1576 370 1630 odium
387 1578 496 1631 malum
512 1577 558 1643 sit,
570 1578 606 1632 de
619 1595 675 1651 quo
688 1579 755 1634 odio
766 1579 852 1644 dicat,
864 1578 913 1632 de·

959 454 1007 493 me
1020 439 1048 494 in
1058 456 1093 495 eo
1104 455 1299 510 perseverare,
1311 440 1343 493 ut
1353 453 1502 508 nunquam
1513 435 1548 491 ab
1565 451 1600 490 ea
1615 432 1769 499 desistam,

959 531 988 583 et
999 545 1051 600 per
1066 545 1130 584 eam
1146 527 1383 582 maternitatem
1394 523 1628 598 attingamblulti
1644 524 1727 578 enirn
1734 522 1771 577 ad

959 620 1074 690 tempus
1087 619 1303 690 perseverantes
1323 616 1498 688 quandoque
1513 613 1668 680 deliciunt,
1687 612 1771 669 etsie

960 706 996 760 ad
1012 705 1204 761 aeternitatem
1219 721 1277 760 non
1294 704 1452 775 attingunt.

1183 829 1217 883 IN
1233 827 1395 883 PSALllUltl
1409 827 1535 882 CXXXIX.

994 951 1101 1007 Titulus
1113 950 1264 1006 centesimi
1276 949 1412 1005 tricesimi
1427 950 1496 1005 noni
1511 949 1644 1006 Psulnnts
1667 947 1769 1013 David,

961 1037 1042 1094 idest
1058 1037 1560 1111 uniuscujusquefidelisrespicientis
1571 1037 1600 1091 in
1618 1037 1725 1103 finem,
1742 1035 1770 1089 id

962 1131 1005 1182 est
1020 1128 1048 1182 iu
1061 1127 1270 1200 Christum,qui
1283 1130 1325 1182 est
1339 1127 1403 1199 linjs
1412 1126 1574 1199 etpertecte
1583 1142 1772 1181 consumma·

962 1215 1043 1270 tusin
1053 1215 1132 1269 omni
1139 1215 1286 1285 justitiaet
1299 1214 1459 1281 sanctitate,
1473 1214 1541 1268 utin
1554 1214 1672 1285 psalmo
1688 1230 1770 1284 supc-

962 1302 1031 1357 riori
1043 1305 1188 1357 osteusum
1199 1306 1250 1357 est.
1260 1301 1346 1373 Cujus
1356 1301 1769 1372 perfectiouisulvateantesse

962 1390 1256 1463 participes,orantut
1272 1389 1532 1462 lteusperlgratiam
1545 1388 1679 1460 eripiata
1689 1387 1770 1442 malis

962 1478 1138 1545 hominibus,
1155 1478 1184 1533 id
1209 1482 1251 1533 ost
1265 1494 1281 1532 a
1296 1479 1372 1532 male
1392 1478 1588 1548 operantibus,
1605 1480 1638 1532 et
1653 1476 1770 1549 iniquis,

963 1565 991 1620 id
1008 1569 1051 1621 est
1065 1566 1101 1621 ab
1109 1566 1261 1632 haereticis,
1273 1566 1321 1637 qni
1341 1581 1390 1620 eos
1405 1565 1456 1621 sibi
1471 1566 1661 1620 conformare
1677 1565 1772 1618 nitun-

109 1663 250 1719 termjflat
263 1680 328 1718 cum
345 1664 428 1719 djcjtg
447 1665 571 1733 oderam,
586 1666 716 1738 inquam,
729 1668 800 1733 ipos,
815 1668 845 1721 et
858 1667 949 1733 ΜΒ
963 1656 1101 1710 tur.ttanc
1116 1657 1213 1709 autem
1225 1655 1386 1709 orationem
1398 1671 1432 1709 ea
1443 1654 1604 1709 intentione
1618 1652 1772 1708 iaciuntut

108 1765 168 1804 non
184 1750 282 1822 iniquo
293 1751 369 1819 odio,
378 1752 549 1822 sedprosccto
560 1753 746 1823 odiojoderam
755 1753 860 1816 illos,id
870 1757 913 1809 ost

107 1837 159 1891 tali
172 1837 238 1893 odio
255 1839 447 1911 quodbouum
465 1843 549 1895 estet
563 1841 599 1895 ad
615 1843 756 1913 perlectos
770 1842 914 1913 virosper·

107 1923 190 1980 tinet.
206 1926 330 1994 Oderarn,
345 1927 452 1983 seilicet
462 1945 510 1984 eos
522 1928 551 1982 iu
567 1930 621 1984 boc
635 1931 713 2001 quod
724 1931 803 1993 mali,
815 1930 913 1986 nonin

107 2013 162 2067 hoc
176 2014 253 2086 quod
269 2015 319 2069 [tei
334 2019 465 2070 creatura
480 2020 571 2071 eraut.
587 2011 653 2072 Dico
665 2020 742 2090 quod
753 2020 914 2075 tabescebam

108 2117 186 2172 cirpea
196 2105 317 2158 inimicos
329 2108 451 2159 meos:et
462 2104 528 2160 licet
539 2108 778 2178 cxoompassionc
791 2107 912 2162 damna·

110 2187 196 2243 tionis
210 2207 311 2246 eorum
325 2191 512 2260 tabescerem,
526 2196 625 2247 tamen
641 2194 751 2249 inimici
767 2194 833 2249 laeti
848 2197 915 2249 sunt

109 2275 180 2331 mihi
193 2278 268 2332 male
297 2278 428 2346 riverrdo,
442 2280 519 2351 quod
531 2281 651 2335 minime
661 2281 912 2348 laceredebereut,

109 2362 232 2438 ideoque
246 2365 555 2437 cosjusteodioliabui.
564 2370 719 2441 Postquam
732 2386 914 2424 consumma·

107 2453 167 2506 tam
176 2453 383 2523 perfectionem
392 2472 473 2511 suam
484 2456 688 2515 adauditorern
695 2457 913 2513 instructionem

109 2539 913 2615 ostendit,oratdeperseverantiaejusdemperfectionis,

107 2629 139 2682 ut
149 2628 266 2684 eosdem
277 2629 462 2686 auditorcsde
473 2633 525 2686 bac
536 2632 637 2687 eadem
648 2631 914 2704 perlectioneorare

106 2715 238 2772 instruat.
255 2717 327 2784 llixi,
344 2719 492 2775 oltomine
505 2720 600 2785 Pater,
612 2721 691 2793 quod
699 2722 877 2791 probastince,
889 2729 915 2776 et

963 1743 1024 1797 aliis
1041 1744 1096 1797 hoc
1111 1743 1189 1797 idem
1202 1742 1304 1797 orandi
1324 1741 1394 1796 dent
1413 1742 1588 1813 exemplum.
1606 1740 1772 1796 Ostendant

962 1848 1077 1903 quoque
1112 1831 1239 1902 ipsorum
1263 1829 1465 1885 haereticorum
1494 1829 1717 1886 infestationem
1743 1830 1773 1881 et

963 1921 1104 1974 occultam
1116 1922 1144 1973 et
1162 1917 1355 1985 manifestam,
1371 1921 1401 1971 ut
1413 1918 1557 1973 auditores
1568 1918 1605 1972 ab
1620 1933 1656 1972 ea
1669 1932 1772 1971 cavere

964 2009 1096 2063 doceant.

999 2096 1081 2166 Eripe
1095 2113 1146 2160 mc,
1160 2095 1283 2162 Domine,
1308 2111 1360 2167 per
1374 2094 1509 2150 auxilium
1536 2093 1641 2165 gratiae
1657 2096 1725 2160 tuae,
1738 2092 1772 2145 ab

963 2185 1070 2239 baiariae
1086 2185 1166 2251 malo,
1176 2185 1204 2238 id
1214 2187 1256 2239 est
1267 2183 1631 2238 amassalrominummala
1646 2198 1770 2253 operan-

963 2274 1047 2340 tium,
1064 2291 1100 2328 ne
1113 2272 1217 2328 mosibi
1231 2273 1417 2328 conformare
1434 2272 1553 2344 possint.
1564 2270 1604 2324 Et
1619 2272 1744 2342 ενὶρειιιε
1754 2287 1771 2322 a

963 2363 1135 2434 circinique,
1152 2361 1179 2415 id
1195 2365 1269 2415 esta
1293 2377 1387 2416 massa
1401 2360 1528 2415 virorum
1549 2359 1769 2426 baereticorum,

963 2450 1192 2506 antonomastice
1205 2449 1381 2520 iniquorum,
1398 2466 1434 2503 ne
1450 2465 1496 2503 me
1507 2447 1561 2502 sibi
1575 2449 1693 2503 valeant
1705 2465 1771 2502 con-

963 2539 1100 2593 formare.
1117 2539 1193 2592 Bene
1208 2554 1274 2591 vero
1285 2537 1470 2607 singulariter
1484 2536 1578 2607 primo
1597 2537 1722 2607 ponitur
1737 2537 1770 2589 ab

964 2626 1147 2681 biiininemulo
1162 2627 1190 2679 et
1205 2644 1221 2677 a
1237 2627 1293 2678 cn'ro
1305 2626 1396 2697 iniquo
1413 2642 1420 2679 :
1437 2628 1536 2698 postea
1550 2624 1705 2695 pluraliter
1721 2641 1770 2696 po·

966 2715 1043 2768 nitur
1058 2715 1106 2785 qui
1120 2716 1314 2783 incitaverunt,
1326 2712 1393 2783 quia
1405 2716 1434 2766 et
1445 2729 1535 2767 unum
1550 2712 1622 2784 quid
1635 2712 1665 2766 in
1677 2729 1771 2766 massa

112 2806 256 2872 coamenti
268 2824 318 2873 ine,
334 2813 359 2861 et
378 2809 525 2876 capitonis-tt
539 2811 661 2862 scantiam
678 2827 773 2863 mecam.
792 2810 849 2864 ttae
865 2827 914 2864 au·
966 2805 1032 2856 sunt
1047 2805 1075 2856 et
1090 2803 1189 2856 matta
1199 2818 1338 2873 persona.
1356 2801 1428 2855 Cum
1444 2803 1541 2855 autem
1554 2818 1582 2854 se
1596 2803 1627 2854 et
1642 2801 1678 2856 de
1695 2801 1771 2854 mata

105 2893 165 2946 tem
181 2875 278 2964 555
292 2910 344 2949 oro
362 2898 392 2949 ut
405 2897 837 2966 persevcrenterlaciaS,scilicct
849 2915 914 2969 per·
966 2891 1164 2962 operantibus,
1179 2894 1207 2943 et
1222 2907 1238 2943 a
1255 2889 1436 2960 virisiuiquis
1450 2888 1521 2960 eripi
1535 2888 1664 2943 oraverit
1680 2888 1771 2942 fidelis

106 2983 272 3036 severanter
279 2984 365 3053 proba
380 2998 430 3050 me,
444 2983 516 3037 Deus
525 2984 651 3049 Pater,id
666 2989 709 3039 est
723 2985 776 3039 duc
789 3002 835 3039 me
849 3002 913 3057 per·
929 2957 1059 3033 01111100
1073 2979 1296 3050 psalmoagens‚
1311 2977 1455 3048 Ptaecilttlss
1471 2976 1648 3031 imtlfflffllsst
1662 2976 1694 3031 iss
1710 2992 1773 3031 018·

108 3071 274 3123 severanter
288 3069 317 3124 in
325 3071 565 3143 approbationem
581 3074 610 3125 et
622 3071 829 3143 experientiam
844 3089 914 3142 prin-

110 3159 261 3224 ceptorum
276 3161 433 3223 tuorum,et
443 3158 498 3212 boc
513 3158 575 3213 dico
585 3160 754 3214 secumdum
767 3159 914 3230 cogitatio-

111 3258 170 3296 nes.
180 3242 311 3307 Quodest
320 3245 416 3299 dicere
430 3262 436 3300 :
452 3246 506 3300 Fac
514 3263 560 3300 me
570 3247 659 3316 probe
675 3250 704 3301 et
717 3246 912 3318 diligenterde

110 3329 248 3399 praecepti
272 3331 312 3385 lui
335 3333 471 3403 cogitare.
488 3333 526 3388 Et
541 3333 580 3388 sic
594 3337 657 3389 scito
669 3351 713 3388 cor
726 3352 825 3404 scieura,
842 3336 913 3390 scili-

108 3420 155 3469 cet
165 3415 338 3472 adeocordis
346 3418 598 3491 meicogitationes
607 3422 815 3492 probaslacias,
826 3427 912 3478 uteor

110 3517 209 3556 arreum
224 3503 264 3557 sic
278 3503 398 3577 dignum
411 3506 447 3560 sit
461 3512 491 3562 ut
505 3508 576 3563 illud
593 3509 674 3576 scias,
693 3510 722 3564 id
739 3514 782 3564 est
797 3511 909 3581 diligas.

109 3589 160 3644 Illa
174 3589 253 3645 enim
265 3593 339 3647 Deus
355 3593 427 3648 scire
437 3594 803 3669 diciturqurndiligit.·llon
817 3600 910 3655 solum

108 3680 207 3733 autem
222 3682 505 3754 mcprobaquantum
515 3685 551 3738 ad
562 3685 814 3755 cogitationes,sed
824 3687 912 3742 etiam

108 3782 160 3830 oro
185 3768 319 3838 interropa
333 3788 375 3824 ine
389 3774 529 3841 quantum
542 3773 578 3827 ad
595 3789 694 3845 opera,
709 3773 738 3828 id
753 3777 795 3828 ost
805 3775 849 3829 lac
865 3792 912 3830 me

109 3856 232 3928 experir,
253 3860 282 3912 ct
301 3859 462 3930 approbare
491 3861 630 3916 inundata
656 3866 705 3917 tua
720 3865 860 3934 qnantum
876 3863 912 3918 ad

109 3959 207 4015 opera,
223 3945 330 4002 scilicet
342 3947 387 4001 tac
403 3950 434 4002 ul
449 3948 523 4004 bene
537 3965 640 4020 operer
654 3950 828 4021 complendo
841 3967 913 4019 prac-

109 4035 194 4104 cepta
204 4037 262 4088 tua.
278 4037 459 4113 interrogare
470 4037 588 4107 ponitur
603 4054 654 4110 pro
670 4038 791 4110 experiri
806 4040 851 4093 vel
862 4056 913 4108 pro

110 4116 293 4192 investigare,
310 4123 430 4193 eoquod
440 4122 645 4195 interrogando
659 4128 731 4182 solet
747 4127 809 4181 ficri
828 4143 913 4197 expe-

963 3065 1043 3121 tiouo
1056 3065 1212 3137 ereptionis
1222 3066 1258 3119 ad
1269 3065 1420 3131 haereticis,
1428 3064 1662 3134 compericulum
1679 3065 1771 3118 arrexi-

963 3172 1045 3209 mum
1057 3154 1086 3208 in
1100 3155 1141 3209 eis
1153 3154 1198 3208 sit.
1217 3154 1324 3208 llorum
1341 3156 1438 3208 autem
1454 3152 1659 3207 haereticorum
1675 3152 1771 3223 impu·

962 3242 1317 3315 gnationenrostendit‚sic
1327 3241 1423 3312 :Eripe
1438 3259 1488 3306 irre,
1504 3241 1639 3312 inquam,
1651 3258 1668 3295 a
1678 3257 1772 3294 massa

962 3331 1088 3386 virorum
1104 3328 1400 3401 inflammaremini-t
1410 3327 1499 3400 iniqui
1509 3329 1700 3398 copitaeerunt
1719 3329 1770 3382 ini·

961 3422 1083 3493 quitatcs,
1097 3419 1126 3473 id
1144 3418 1705 3490 estiniquasetliaorcticascogitationes,
1722 3417 1771 3471 ad·

961 3508 1092 3563 inventas
1106 3506 1134 3562 in
1150 3508 1247 3575 corde,
1264 3522 1322 3561 non
1345 3504 1373 3562 in
1390 3506 1552 3578 Scripturis.
1579 3506 1620 3560 Xe
1635 3505 1657 3560 si
1672 3505 1769 3560 dicat:

961 3598 1028 3652 ldeo
1043 3612 1157 3651 necesse
1174 3599 1216 3651 est
1228 3611 1312 3650 oraro
1326 3611 1383 3661 me,
1393 3596 1424 3649 ut
1434 3612 1451 3649 a
1461 3593 1772 3665 virisiniquiseripiar,

962 3684 1029 3756 quia
1038 3682 1305 3755 ipsicogitaverunt,
1317 3687 1346 3737 et
1354 3682 1581 3753 adhuccogitant
1592 3681 1774 3754 iniquitates,

963 3770 1072 3842 quasin
1086 3771 1173 3825 corde
1184 3770 1384 3836 adivenerunt,
1401 3774 1430 3824 et
1443 3788 1460 3825 a
1475 3770 1632 3841 Scripturis
1646 3787 1711 3825 non
1727 3771 1776 3824 ha·

964 3859 1098 3913 buerunt.
1116 3860 1149 3912 Et
1162 3876 1220 3913 tion
1233 3860 1325 3913 solum
1341 3860 1532 3929 copitauerunt,
1546 3858 1598 3912 sed
1610 3861 1639 3912 ct
1652 3864 1712 3913 totu
1722 3859 1777 3926 (tie,

963 3947 992 4002 id
1009 3950 1051 4001 ost
1063 3946 1172 4018 jugiter
1186 3947 1389 4012 constudebant,
1400 3945 1429 4000 id
1443 3949 1485 3999 est
1491 3946 1628 4000 adversus
1643 3946 1775 4002 Catholi-

964 4052 1011 4090 cos
1020 4034 1115 4106 pratia
1130 4034 1335 4100 moliebantur,
1344 4051 1395 4106 per
1411 4034 1614 4105 garrulitatem
1630 4036 1776 4108 multipli-

964 4140 1029 4177 cum
1044 4123 1329 4194 argumentationum
1337 4123 1566 4177 suarumlttnon
1574 4123 1776 4196 qualicunque

109 4205 213 4262 rientia
225 4212 254 4263 et
266 4209 457 4281 investigatio.
471 4211 803 4285 Interropaiuquampne
816 4202 950 4269 secun-D
964 4211 1052 4266 modo
1068 4211 1367 4281 constituebantpralia,
1379 4211 1429 4265 sed
1438 4209 1477 4265 ita
1489 4211 1566 4282 quod
1576 4220 1714 4266 acuerunt
1723 4214 1778 4265 lin·

108 4294 178 4349 dum
192 4312 290 4368 opera,
306 4306 332 4352 ct
346 4297 385 4352 sic
398 4315 521 4368 capnoscc
531 4301 723 4366 sanitasmeas,
738 4300 767 4355 id
783 4305 825 4356 est
840 4302 912 4357 adeo

110 4398 158 4436 me
172 4387 315 4456 praecepta
336 4389 384 4440 tua
401 4386 524 4457 experiri
539 4385 638 4459 iacias,
652 4390 684 4441 ut
696 4388 814 4443 semitas
834 4405 914 4444 meas

111 4486 276 4541 cognoscas,
290 4473 319 4529 id
329 4477 411 4529 estut
426 4475 552 4530 rationes
565 4492 644 4530 nreas
659 4476 779 4548 diligas,
796 4495 859 4550 quae
870 4495 912 4534 se·

962 4316 1044 4368 picam
1062 4317 1147 4364 suarii,
1164 4299 1193 4352 id
1209 4303 1252 4352 cst
1266 4302 1349 4353 acuta
1363 4302 1393 4352 et
1407 4298 1520 4353 subtilia
1536 4296 1673 4354 fecerunt
1689 4302 1780 4355 verba

964 4405 1027 4454 sua,
1042 4369 1140 4457 556
1152 4389 1183 4441 ut
1193 4385 1651 4457 magislrcdcrcnt,cleoamplius
1663 4388 1780 4458 pericu-

965 4479 1025 4532 losa
1037 4480 1142 4530 essent.
1157 4475 1309 4539 decerunt,
1326 4474 1458 4545 inquam,
1472 4473 1625 4530 existentes
1635 4477 1711 4530 sicut
1724 4495 1779 4530 ser-

110 4557 188 4612 mitae
208 4558 352 4628 dicurnur,
364 4579 398 4616 co
415 4564 492 4633 quod
507 4564 603 4619 ardum
625 4568 731 4620 suntet
742 4565 912 4637 singulares,
959 4571 1061 4636 peritas,
1078 4563 1107 4616 id
1123 4560 1386 4632 ostcomparabiles
1399 4561 1588 4632 serpentibus.
1603 4562 1781 4618 Sicntenim

109 4644 210 4711 Proba,
223 4645 353 4718 iuquam,
369 4653 393 4703 ct
402 4651 536 4719 interropa
552 4694 559 4718 ,
572 4659 597 4706 ct
609 4652 667 4707 ciale
679 4653 913 4724 misericorditer,

75 4726 79 4733 ’
109 4733 216 4788 scilicet
229 4734 285 4789 hoc
299 4752 357 4791 non
374 4752 425 4791 oro
441 4738 506 4792 solis
521 4740 632 4795 meritis
646 4742 780 4809 meis,sed
791 4744 851 4798 tunc
863 4761 913 4799 oro

108 4820 197 4877 facias
210 4826 340 4894 respectu
356 4823 563 4882 misericordiae
576 4830 641 4885 tuae.
655 4831 705 4884 tlla
720 4831 827 4903 quippe
840 4834 914 4887 lleus

110 4908 208 4964 videre
221 4912 250 4964 et
258 4911 399 4982 respicere
409 4912 511 4968 dicitur
527 4931 651 4986 quorum
666 4917 912 4986 miserebunVidc,

109 4994 241 5069 inquam,
252 5000 276 5052 si
289 5000 390 5055 tanien
407 5003 435 5055 in
448 5020 488 5057 me
501 5009 537 5056 cst
552 5002 701 5076 aliquanta
714 5007 870 5076 iniquitatis,
884 5007 914 5061 id

109 5088 152 5138 est
165 5086 294 5156 operatio
303 5086 473 5160 iniquitatis,
486 5090 587 5162 quasin
600 5091 664 5145 altis
676 5095 718 5145 est
730 5093 816 5148 viaad
829 5095 914 5149 dam-

108 5171 268 5241 nationem,
286 5177 353 5230 tuuc
370 5194 518 5249 nunquam
539 5196 586 5232 me
603 5179 708 5234 videas.
724 5181 762 5234 Ae
778 5181 799 5235 si
816 5181 910 5236 dicat:

107 5260 166 5315 vide
179 5280 231 5325 mc,
242 5280 307 5318 cum
323 5282 381 5320 nou
394 5265 468 5321 sitin
483 5284 529 5322 me
543 5267 587 5322 via
598 5267 766 5339 iniquitatis.
782 5271 820 5326 Iit
829 5270 913 5325 electae

107 5365 147 5402 iiie
169 5352 200 5405 in
217 5353 258 5404 iria
273 5359 369 5405 aterna
382 5353 468 5419 lacta,
485 5355 513 5408 id
528 5360 624 5412 esture
637 5358 872 5430 perseverarelac
883 5359 911 5413 in

106 5437 151 5490 via
168 5440 374 5494 mandatorum
390 5444 568 5504 tuoruu1,sic
584 5449 614 5499 ut
629 5446 699 5501 mim
715 5448 912 5517 sitmteruaid

964 4653 1113 4722 serpentes
1129 4652 1255 4705 tortuose
1272 4648 1437 4704 incedentes
1452 4651 1575 4704 latenter
1590 4654 1732 4722 serpunt.
1752 4657 1783 4707 et

964 4740 1003 4795 sic
1021 4740 1051 4794 in
1067 4739 1177 4795 occulto
1193 4736 1372 4809 percutiunt,
1385 4736 1620 4808 itaipsitortuose
1636 4737 1784 4796 inceden-

964 4834 1018 4898 tes,
1033 4846 1087 4901 per
1099 4829 1225 4884 diversos
1238 4843 1350 4882 errores
1360 4826 1515 4888 haeresum,
1526 4825 1556 4879 in
1567 4829 1686 4884 occulto
1701 4834 1732 4885 et
1749 4849 1785 4886 ex

964 4917 1121 4990 improviso
1138 4917 1268 4972 incautos
1283 4914 1458 4987 percutiunt.
1479 4916 1512 4968 Et
1527 4915 1573 4968 sttb
1584 4915 1669 4970 tabiis
1684 4935 1785 4974 eorum

965 5011 1008 5062 est
1020 5023 1148 5061 cenenum
1164 5004 1285 5076 aspidum
1301 5046 1308 5070 ,
1326 5004 1410 5058 idest
1424 5003 1453 5057 in
1470 5002 1563 5057 verbis
1581 5019 1692 5060 eorum
1710 5009 1788 5063 latet

964 5111 1046 5149 error
1061 5093 1238 5160 insanabilis,
1253 5092 1326 5147 sicut
1339 5109 1484 5148 venerium
1504 5091 1640 5162 aspidum
1660 5092 1787 5151 insana·

964 5182 1020 5238 bile
1035 5186 1086 5238 est.
1104 5184 1259 5254 Postquam
1274 5181 1500 5236 euimeoerrore
1511 5179 1632 5251 quilibet
1647 5181 1789 5241 imbutus

963 5272 1028 5339 erit,
1045 5272 1088 5326 vix
1106 5272 1153 5326 illo
1180 5271 1286 5341 poterit
1309 5269 1436 5340 expediri
1454 5269 1525 5323 sieut
1544 5267 1649 5340 aliquis
1664 5288 1789 5330 veneno

964 5361 1094 5431 aspidum
1109 5360 1246 5426 imbutus,
1263 5376 1297 5413 oo
1313 5362 1362 5412 aut
1373 5359 1414 5411 vix
1431 5360 1479 5411 ιιιιι
1491 5374 1642 5428 nimquam
1656 5364 1790 5433 expedi.

964 5452 1019 5502 tur.
1037 5451 1168 5520 Corigruo
1181 5446 1490 5519 vcropouit'sublabiis:
1501 5462 1566 5500 curn
1578 5446 1664 5502 enim
1677 5468 1788 5509 eorum
