3772 5970
104 266 155 325 767

409 266 437 323 S.
458 260 631 321 uuuuoms
651 259 966 319 cauruusmuomut
984 256 1218 315 tusrnmoms
1238 256 1315 315 OPP.
1336 259 1422 318 PASS
1441 262 1453 316 1

1680 240 1686 253 '
1719 263 1766 319 ru

104 390 184 445 Unde
196 388 255 463 ipse
266 389 296 444 in
307 387 460 458 Evangelio
472 404 479 440 t
491 387 574 440 «Non
585 402 634 440 ros
644 401 691 438 me
709 382 843 455 elegistis,
855 382 903 436 sed
915 379 1026 443 Aulin
1041 381 1118 435 bono
1135 385 1335 451 perseverent,
1350 390 1374 436 et
1389 383 1473 450 ineis,
1491 381 1521 438 id
1540 383 1585 438 est
1602 397 1696 455 super
1723 398 1767 439 eos

104 496 157 551 ego
179 480 250 549 elegi
274 497 322 533 ros
339 479 426 546 tluun.
448 493 493 539 ιε’,
519 480 570 545 llil.
597 497 611 521 u
633 476 680 527 Vel
707 474 903 543 sie:lle.spe.ri2

102 569 149 639 qui
167 570 297 638 superior
316 570 376 620 crat
401 582 478 636 super
492 581 580 618 unuuu
604 566 651 635 qui
666 564 787 615 trudimur
808 571 903 614 terrum

103 658 228 725 snanr,id
239 661 279 709 θεῖ
296 656 344 727 qui
353 655 499 727 possident
509 657 538 707 et
546 654 733 708 dominantur
744 656 827 706 terrm
837 669 905 719 sum,

104 746 133 799 id
149 749 190 799 est
204 745 293 799 carni
314 745 382 799 llieo
402 745 458 814 ipse
477 745 597 813 ruperit.
613 742 672 815 Ipse
690 741 752 796 dico
778 742 826 812 qui
843 738 908 812 post

104 834 182 903 fiurit
195 833 334 902 sipitlutim
355 834 397 886 rel
418 831 583 903 singulatim
607 830 687 884 emate
707 848 806 883 emron.
825 829 907 892 Quod

106 925 148 976 est
164 921 257 975 dicere
273 939 278 976 :
297 921 439 985 Quoniam
456 921 496 975 eis
511 937 569 975 non
584 921 737 985 sufficeret,
761 919 783 972 si
802 919 907 972 sulum-

106 1011 192 1065 modo
209 1011 373 1082 respiceret,
388 1009 562 1065 remittendo
574 1010 735 1081 peecata,et
747 1011 846 1077 postea
859 1023 907 1060 eos

106 1099 260 1166 desereret,
290 1098 437 1153 constituit
463 1096 503 1152 eis
523 1097 679 1169 singularia
703 1097 799 1161 cerda,
818 1096 845 1148 id
866 1098 908 1149 est

105 1187 195 1242 varias
218 1188 307 1242 bonas
326 1188 496 1251 voluntates,
517 1186 594 1257 justa
614 1185 794 1257 Apostolum.
815 1184 910 1238 dieen-

104 1278 162 1331 tem
173 1293 202 1329 :e
216 1276 412 1347 Unusquisque
424 1275 572 1345 proprium
587 1274 694 1328 donum
709 1274 795 1327 habet
807 1291 823 1325 a
833 1274 907 1339 lle0;

105 1382 178 1418 unns
192 1365 307 1436 quidem
322 1363 524 1430 sie,alinsrero
535 1363 571 1416 sic
582 1362 606 1429 [l
621 1361 683 1417 Cor.
695 1378 742 1421 ru,
757 1362 792 1425 ii.
807 1384 818 1405 ι»
834 1361 908 1414 liene

105 1469 170 1506 rere
188 1453 271 1522 ponit
285 1454 373 1520 fiuxit,
395 1451 423 1505 id
439 1455 481 1505 est
497 1451 578 1505 facile
594 1449 765 1521 composuit.
788 1441 908 1518 Fingere

105 1557 232 1611 namquo
245 1541 374 1606 dicimus,
386 1540 465 1595 laeile
482 1556 657 1609 crrrnponere
674 1537 782 1609 aliquid
796 1538 831 1591 do
844 1554 910 1590 cera

105 1632 145 1683 rel
163 1631 233 1694 luto,
242 1630 298 1683 sive
311 1630 406 1700 aliqua
420 1628 499 1682 mulli
514 1628 645 1682 materia.
656 1628 728 1691 Quia
740 1643 805 1680 reru
816 1626 909 1679 adhue

956 473 1127 524 metuentes.
1156 470 1223 525 Dico
1245 488 1305 525 esse
1329 472 1426 527 oculos
1452 470 1569 527 Domini
1588 475 1642 545 qui
1666 482 1767 545 sperent

955 578 1042 628 super,
1057 559 1083 613 id
1102 560 1193 614 asido
1211 562 1385 615 irruerr'eordiu
1402 561 1467 632 ejru.
1486 561 1570 626 Quod
1586 566 1633 617 est
1651 561 1766 618 dicere:

958 648 1010 712 Qui
1025 666 1084 703 non
1102 648 1207 702 timent
1221 666 1286 703 eum
1304 652 1384 703 metu
1396 666 1500 722 poenoe,
1516 649 1568 705 sed
1590 666 1645 722 spe
1663 651 1770 707 miseri-

938 734 1158 792 'cordieetinde
1168 754 1220 809 per
1233 737 1420 793 Salomonem
1436 739 1562 796 dicitur:
1580 758 1598 793 ε
1615 738 1673 804 Qui
1690 739 1769 797 timet

957 825 1169 893 Deun1,laeiet
1195 827 1272 882 bona
1300 826 1393 889 (Ereti.
1425 831 1468 895 rs,
1499 828 1567 899 ll.»
1594 828 1668 884 uico
1695 830 1768 901 quod

957 916 1026 969 oculi
1040 915 1150 969 Donu'm'
1163 920 1229 970 sunt
1241 934 1317 987 super
1332 924 1473 972 metuentes
1494 935 1565 985 eum,
1579 918 1620 974 ad
1642 918 1700 975 hoc
1722 919 1769 975 sei·

957 1004 1064 1058 licetret
1084 1004 1112 1058 in
1130 1005 1227 1059 tuturo
1243 1014 1318 1059 enuit
1339 1024 1355 1059 u
1379 1013 1472 1073 inmte,
1493 1006 1523 1061 id
1544 1009 1587 1061 est
1608 1021 1628 1061 a
1651 1005 1768 1062 damna·

959 1093 1038 1147 tione
1053 1096 1156 1147 tritones
1170 1112 1269 1161 eorum,
1284 1095 1369 1149 ethic
1384 1095 1500 1150 interim
1522 1094 1579 1149 alut
1605 1111 1662 1165 ees,
1677 1094 1707 1150 id
1730 1100 1770 1151 est

959 1183 1127 1237 corroboret
1145 1199 1220 1254 pane
1234 1184 1308 1252 ritae,
1323 1184 1351 1239 id
1373 1187 1416 1238 θεῖ
1439 1184 1516 1239 bona
1539 1183 1716 1256 operatione
1745 1188 1772 1240 et

960 1274 1105 1327 intellectu
1119 1274 1206 1328 bono.
1224 1274 1277 1327 Eos
1292 1273 1355 1328 dieo
1370 1273 1479 1344 positos
1498 1276 1526 1329 ia
1542 1274 1621 1344 serae
1636 1274 1764 1346 justitia,

959 1361 1042 1416 idest
1058 1363 1087 1416 in
1104 1362 1192 1416 nimio
1203 1361 1354 1417 desiderio.
1367 1362 1424 1417 Nisi
1438 1379 1505 1418 rere
1515 1362 1667 1434 justitiam
1682 1364 1766 1419 esuri·

961 1454 1035 1517 rent,
1051 1468 1109 1505 non
1124 1468 1173 1505 ees
1186 1451 1224 1504 ita
1240 1451 1498 1522 aleret.Dequibus
1511 1451 1590 1506 idem
1603 1452 1767 1524 inErange-

960 1539 998 1593 lio
1017 1556 1023 1591 :
1040 1558 1054 1589 a
1070 1538 1147 1592 lteati
1160 1539 1206 1610 qni
1220 1539 1349 1592 esuriunt
1362 1539 1497 1594 elsitiunt
1505 1539 1651 1610 justitiam
1662 1541 1766 1612 (Mun.

960 1644 986 1693 v,
1003 1630 1038 1690 u).
1056 1648 1069 1673 u
1090 1629 1163 1698 Ergo
1178 1628 1244 1698 quia
1254 1629 1325 1681 oeult'
1333 1629 1446 1683 Domini
1456 1632 1522 1684 sunt
1536 1646 1615 1701 sreper
1632 1637 1768 1687 metuentes

105 1736 164 1771 mm
181 1719 323 1772 sullieeret
337 1719 447 1788 lingere
471 1717 569 1778 corda,
587 1716 666 1770 addit
683 1733 688 1768 :
710 1715 765 1780 Qui
788 1715 910 1784 iuteltipit
924 1713 948 1770 B
961 1731 1038 1780 cmn,
1056 1724 1083 1769 ut
1099 1733 1170 1769 eruet
1186 1723 1210 1769 et
1229 1715 1301 1783 utut;
1323 1736 1415 1773 eurum
1434 1726 1525 1772 nostre
1545 1721 1672 1788 sustinet,
1689 1718 1718 1773 id
1729 1724 1769 1775 est

106 1809 195 1859 ouuu'u
209 1825 285 1876 rqiero
300 1823 399 1859 eurum.
410 1805 621 1875 compendiose
634 1805 819 1874 positumest.
829 1803 910 1865 Quod
962 1807 1103 1877 patienter
1114 1811 1245 1880 expectat
1259 1808 1415 1862 Dmuinum.
1431 1809 1464 1863 ut
1483 1810 1537 1864 hoc
1552 1809 1635 1865 bona
1659 1805 1768 1876 ll'ducia,

106 1898 149 1950 est
165 1895 258 1949 dicere
277 1913 282 1949 :
302 1894 354 1958 Oui
373 1894 439 1948 lacit
453 1911 501 1948 eos
516 1895 610 1947 lairere
632 1910 721 1965 opera
744 1893 779 1946 ad
798 1892 910 1945 intelte-
962 1913 1027 1950 curn
1045 1895 1111 1949 inde
1128 1897 1190 1966 jam
1205 1896 1322 1951 arrham
1338 1898 1453 1963 habeat,
1469 1899 1544 1953 hanc
1557 1898 1690 1955 scilicet:
1705 1897 1770 1965 Quo

106 1987 185 2038 etum
209 1983 393 2055 pertinentia.
421 1982 505 2046 Quasi
527 1982 603 2037 dieat
620 1999 626 2035 :
643 1982 704 2035 b'on
728 1998 801 2035 rana
823 1997 912 2052 opera
962 1987 1033 2038 m'um
1049 1984 1156 2054 (uljutor
1173 1985 1208 2039 ad
1228 1986 1301 2040 bene
1324 1986 1516 2057 operandum,
1532 1994 1558 2041 et
1571 1994 1710 2058 protecter
1725 2006 1769 2043 uo·

108 2077 136 2126 θῖ
148 2072 373 2137 irrationabilia,
391 2070 440 2124 sed
456 2071 524 2125 talia
538 2070 843 2142 quresuntsecundum
857 2069 911 2122 hoc

108 2162 185 2232 quod
202 2161 253 2231 ipsi
267 2161 440 2231 intelligunt.

145 2249 312 2319 hujusmodi
328 2265 394 2303 roro
413 2248 603 2320 grannnatiea
620 2247 763 2301 invenitur
789 2246 817 2300 in
840 2247 914 2318 dpe-

109 2339 192 2402 stolo,
216 2354 280 2390 cum
301 2337 369 2391 dicit
386 2354 392 2390 ε
410 2358 425 2387 a
442 2336 563 2407 Spiritus
590 2337 714 2406 postulat
736 2352 787 2408 pro
819 2335 911 2402 nobis,

110 2425 139 2479 id
156 2430 197 2479 est
210 2444 255 2477 nm
266 2426 401 2495 postutare
430 2427 491 2487 urit,
503 2425 656 2495 gemitibus
674 2423 913 2478 inenarrabitilms

110 2513 197 2584 (Itoni.
215 2531 273 2575 vui,
294 2517 349 2583 26).
368 2535 381 2561 »
396 2513 463 2568 Dico
487 2513 563 2584 qnod
586 2515 706 2584 reperte,
731 2516 759 2566 et
778 2513 866 2580 finrit,
886 2516 914 2565 θῖ

109 2603 244 2672 inteltiprt.
265 2603 297 2655 m
310 2603 349 2656 sic
367 2605 491 2656 salvatur
507 2603 700 2673 mmsqnisque
717 2601 806 2654 fidelis
823 2600 914 2654 dietus

110 2707 169 2758 rex,
190 2708 223 2745 eo
237 2691 315 2762 quod
329 2706 390 2745 aesc
403 2693 496 2761 regat,
513 2710 529 2745 a
546 2690 628 2744 nudis
643 2689 813 2755 eoirreendo,
829 2692 858 2742 et
871 2689 913 2759 gi-

110 2796 169 2851 gas,
185 2797 218 2833 eo
234 2780 312 2851 quod
326 2780 362 2833 sit
381 2779 462 2833 tortis
478 2780 505 2833 in
523 2780 595 2833 benc
614 2778 772 2850 operando.
789 2776 843 2831 Sed
862 2793 914 2829 ueu

961 2083 1013 2127 ster
1027 2082 1073 2143 ert,
1090 2092 1124 2128 ne
1139 2074 1276 2129 cadamus
1300 2074 1330 2129 in
1346 2075 1588 2131 tribulationibus.
1606 2076 1679 2131 Dico
1696 2077 1771 2149 quod

961 2166 1071 2218 stistinet
1084 2163 1241 2229 Dorrriuum,
1257 2167 1286 2218 θῖ
1297 2163 1375 2219 hono
1389 2180 1450 2218 suo.
1468 2162 1536 2230 Quu
1548 2164 1672 2219 tandem
1685 2165 1717 2220 iu
1726 2178 1770 2232 uo,

964 2250 991 2304 id
1006 2255 1048 2305 θεῖ
1061 2252 1089 2305 in
1106 2251 1260 2322 adeptione
1285 2252 1355 2323 ejus,
1373 2251 1504 2306 letabitur
1529 2269 1573 2306 eor
1596 2259 1731 2321 metrum,
1745 2253 1771 2309 id

963 2343 1005 2393 est
1023 2340 1120 2394 rininra
1132 2344 1238 2394 nostra.
1255 2341 1286 2395 Et
1303 2343 1332 2394 ut
1348 2343 1416 2394 tune
1431 2340 1522 2395 lutari
1542 2341 1699 2414 possimus,
1715 2359 1769 2413 spe·

963 2446 1089 2489 euenum,
1105 2428 1133 2482 id
1148 2432 1190 2482 est
1203 2445 1283 2499 spem
1295 2428 1403 2483 letitie
1419 2428 1573 2483 habuimus
1591 2446 1600 2484 t
1624 2432 1656 2484 et
1679 2429 1771 2485 adhuc

963 2518 1051 2572 ctiam
1069 2518 1209 2571 habemns
1226 2519 1254 2572 iu
1268 2519 1372 2571 iururiue
1384 2526 1473 2572 scaete
1497 2519 1553 2589 ejus
1574 2518 1727 2590 degentes,
1741 2518 1770 2574 id

964 2611 1006 2661 θεῖ
1022 2606 1049 2660 in
1065 2607 1299 2673 niarntheauune
1314 2607 1404 2661 saneti
1420 2608 1545 2663 nominis
1559 2607 1720 2678 ejus.0uod
1731 2612 1772 2663 est

964 2694 1076 2747 dicere:
1092 2694 1133 2747 ⁴ld
1159 2695 1214 2748 hoc
1241 2694 1436 2762 intendentes,
1455 2694 1484 2749 in
1509 2711 1618 2749 nemen
1639 2699 1772 2751 sanctum

964 2782 1024 2852 ejus
1040 2782 1269 2852 magnificemus.
1288 2783 1344 2838 lloc
1360 2787 1457 2837 autem
1473 2786 1516 2836 est
1531 2784 1685 2855 expositio,
1701 2800 1772 2856 quo·

108 2868 226 2921 sulcatur
242 2886 287 2922 rer
298 2868 344 2922 ille
351 2886 400 2938 per
413 2869 524 2921 urrettmn
540 2869 674 2932 uirtutem,
686 2883 765 2920 snam
784 2866 911 2919 seilicet:
963 2872 1050 2926 modo
1065 2873 1157 2925 eruum
1173 2878 1261 2923 riostre
1282 2873 1391 2925 sustinet
1416 2872 1573 2938 Douu'muu,
1589 2872 1671 2942 quod
1694 2888 1775 2944 supe·

108 2955 275 3028 Etipsemet
287 2957 365 3026 piper
383 2957 505 3011 existens
520 2973 572 3009 eron
589 2956 734 3008 ..urtuirtritur
754 2957 780 3007 in
796 2955 913 3008 multitu·
964 2959 1021 3015 rius
1037 2960 1112 3027 dixi3
1130 2959 1235 3014 scilicet
1249 2962 1357 3013 sesemet
1373 2976 1440 3014 eum
1460 2960 1603 3031 sperando
1618 2962 1648 3013 in
1669 2964 1773 3016 nomme

108 3045 178 3107 (lehc,
195 3045 222 3098 id
236 3048 278 3099 cst
288 3062 339 3117 per
348 3045 564 3099 multitudinem
575 3047 678 3098 uirtutis
693 3062 748 3098 nur
761 3046 911 3114 reputate.
962 3049 1028 3119 ejus.
1042 3049 1090 3102 Vel
1110 3048 1149 3102 sic
1166 3066 1171 3102 :
1187 3048 1355 3119 Speruuimus
1380 3051 1407 3101 iu
1432 3050 1537 3101 neruine
1555 3056 1647 3102 seuete
1663 3050 1731 3123 θῆκε,
1745 3047 1774 3104 id

110 3134 241 3198 Ouodest
251 3135 345 3187 dicere
358 3151 364 3187 :
377 3134 510 3188 Concedo
522 3134 639 3205 quidem
650 3133 727 3204 quod
736 3150 786 3203 per
801 3132 913 3184 ortelium
964 3141 1005 3191 est
1018 3136 1088 3190 ineo
1101 3137 1178 3208 (quod
1186 3137 1352 3208 designatur
1364 3136 1448 3191 nobis
1459 3152 1629 3207 pernomen
1641 3141 1772 3193 sanetum

109 3225 230 3276 virtutem
250 3222 299 3276 llei
313 3223 405 3293 gratia
423 3222 520 3276 datam
541 3222 704 3286 salvabitur,
715 3222 753 3275 sie
768 3225 866 3321 [Qu
884 3223 914 3274 ut

109 3328 175 3365 eam
191 3328 272 3364 suam
287 3327 348 3363 esse
366 3327 423 3364 non
440 3312 562 3381 reputet.
578 3311 648 3363 Nam
665 3310 687 3363 si
699 3327 761 3364 eam
776 3324 868 3376 snam,
884 3307 914 3362 id

110 3402 152 3453 est
163 3416 195 3453 ex
212 3416 240 3452 se
256 3416 316 3452 esse
328 3402 485 3470 reputaret,
501 3415 559 3452 non
575 3400 740 3452 salvaretur.
755 3398 820 3452 llice
837 3397 913 3468 quod

110 3488 156 3542 illc
172 3488 219 3559 qui
234 3506 278 3540 rer
293 3490 335 3541 cst
356 3490 385 3540 et
404 3489 493 3557 (tipus,
515 3505 566 3539 iren
592 3487 711 3540 serluutur
728 3506 778 3558 per
802 3487 914 3540 irretitum

110 3580 232 3631 uirtutem
241 3593 321 3630 snam
338 3578 512 3646 reputatam.
524 3576 553 3630 Si
569 3576 632 3647 qnis
643 3593 709 3631 vero
721 3595 780 3631 mm
793 3574 915 3630 existens

111 3684 160 3721 rex
176 3670 204 3720 θῖ
220 3666 300 3737 gigas
313 3665 473 3719 ascenderit
487 3682 604 3737 eqmnn,
615 3666 643 3719 id
654 3665 858 3736 estsuperbam
867 3680 914 3718 co·

111 3756 294 3828 gitationem,
305 3755 432 3826 putando
443 3771 530 3825 perse
544 3755 666 3808 salntem
679 3754 840 3825 attingere,
853 3768 915 3824 qum

112 3845 247 3917 cogitatio
269 3844 341 3897 bene
358 3860 410 3915 per
422 3861 528 3914 equmn
544 3841 807 3914 designatarum
818 3857 916 3911 super-

112 3935 260 3990 bissimum
275 3933 382 3987 animal
398 3936 450 3993 θεῖ,
475 3949 574 4003 equus,
597 3932 626 3985 id
643 3935 695 3997 cst,
712 3930 847 4002 cogitatio
869 3930 918 3982 illa

112 4023 419 4078 lallaxestadsalutam
430 4020 742 4091 adipiscendanmd
755 4022 797 4073 est
806 4019 915 4072 dicere:

114 4113 242 4183 Decipiet
253 4128 319 4165 eum
329 4109 464 4180 cogitatio
472 4109 597 4164 suadem
608 4110 686 4163 enim
698 4109 820 4162 salntem
834 4107 919 4161 attin-

114 4204 173 4271 get,
191 4205 221 4255 ut
236 4199 351 4271 cogitat.
368 4198 449 4254 Unde
465 4198 570 4267 legitur
583 4215 589 4252 :
604 4197 652 4251 «si
666 4198 729 4268 quis
744 4200 861 4268 putatse
871 4197 919 4250 ali-

115 4289 268 4362 quidesse,
283 4306 347 4343 cnm
363 4287 434 4342 nihil
453 4287 498 4353 sil,
516 4287 575 4357 ipse
597 4305 626 4341 se
642 4287 760 4341 seducit.
778 4285 856 4357 (Get.
881 4304 916 4351 vr,

116 4380 155 4445 3).
173 4400 186 4425 u
204 4379 236 4431 Et
251 4395 309 4431 non
325 4377 416 4431 solum
433 4377 520 4446 sullae
535 4375 590 4429 crit
602 4394 682 4447 equus
698 4375 771 4429 illins
796 4375 844 4448 qui
870 4393 918 4429 rer

115 4483 174 4522 non
191 4467 244 4520 crit
259 4470 288 4520 ct
300 4466 381 4537 gigas
393 4466 423 4520 in
439 4466 552 4530 virtute,
567 4465 616 4519 scd
637 4468 665 4518 ct
684 4465 706 4518 si
722 4482 771 4518 rex
789 4467 817 4519 et
838 4464 919 4535 gigas

117 4555 267 4610 abundans
285 4556 362 4626 prins
383 4555 413 4608 in
444 4556 557 4615 virtute,
575 4571 680 4625 equum
706 4554 866 4608 ascenderit
893 4554 920 4606 iu

117 4645 279 4698 obtruduntur
295 4647 399 4699 m'rtutis
414 4662 478 4710 rara,
495 4644 522 4698 id
539 4646 581 4697 est
605 4643 692 4697 etiam
710 4659 762 4713 per
783 4642 920 4697 virtutem

119 4751 174 4806 qua
191 4735 269 4805 prim
284 4734 459 4799 abundabat,
482 4751 535 4786 urm
556 4732 710 4786 retentatur.
734 4733 776 4786 hd
798 4731 918 4786 nihilum

119 4824 198 4879 enim
219 4823 370 4894 redigitur,
392 4822 473 4892 juxta
490 4822 559 4875 illud
579 4821 751 4875 Ezechielis:
768 4841 784 4871 θ
802 4820 920 4875 iustitias

119 4913 180 4984 ejus
192 4930 261 4986 quas
277 4914 393 4977 feceret,
406 4928 463 4966 non
479 4911 709 4965 recordabuntur
717 4909 826 4979 (Erech.
843 4926 920 4977 xnu,

118 5005 195 5068 22).»
213 5003 269 5056 Ηοθ
287 5006 384 5056 antem
409 5000 486 5072 qnod
504 4999 592 5054 dicit:
609 4999 672 5053 Nou
695 4999 814 5052 suleuuu
833 5016 878 5052 rer
898 5004 923 5051 et

118 5091 205 5161 suitur
218 5108 307 5162 equus,
321 5094 386 5156 etc,
403 5090 439 5144 ad
460 5090 513 5143 hoo
537 5087 618 5161 ponit
632 5105 668 5142 ne
685 5087 804 5158 quilibet
820 5105 871 5159 per
894 5103 922 5141 se

120 5178 219 5232 salvari
235 5181 399 5249 praesumat,
418 5178 465 5232 scd
480 5178 529 5231 uei
545 5177 644 5247 gratier.
655 5176 827 5230 suisalutem
843 5175 923 5229 attri-

120 5267 199 5320 buat.
218 5266 330 5320 Diceret
349 5265 451 5336 aliquis
468 5282 475 5320 ι
493 5265 563 5319 Cum
588 5281 641 5337 per
660 5282 689 5318 se
713 5281 770 5318 non
791 5264 923 5330 salvetur,

123 5355 271 5425 quomodo
280 5370 349 5424 ergo
360 5355 485 5408 salvatur
495 5354 508 5407 't
520 5353 730 5424 despondetur.
739 5335 805 5422 99
812 5352 880 5404 Εθθθ
897 5350 925 5404 in

123 5441 248 5497 eudemi
264 5458 340 5514 pono
353 5459 405 5514 per
417 5443 494 5514 quod
505 5442 670 5497 salvabitur.
680 5440 757 5495 Oculi
770 5439 927 5506 Dernini‚id

125 5534 167 5584 est
182 5530 356 5603 benignitas,
367 5534 433 5585 sunt
444 5548 521 5604 super
535 5535 655 5588 turrentes
668 5548 737 5599 eum,
746 5528 928 5602 respicientes

964 3226 1040 3297 ejus;
1053 3226 1130 3296 quod
1139 3229 1181 3279 θεῖ
1192 3225 1368 3280 misericors:
1386 3224 1525 3296 quodsibi
1541 3225 1773 3280 antonomastice

963 3314 1140 3369 attribuitur.
1157 3314 1238 3378 Quod
1261 3319 1303 3368 θεῖ
1319 3313 1413 3368 dicere
1430 3329 1436 3366 :
1453 3314 1483 3367 ln
1497 3312 1699 3368 misericordia
1712 3313 1772 3385 ejus

962 3404 1209 3474 speraremusErgo
1226 3403 1293 3474 qnia
1313 3402 1340 3456 in
1365 3403 1470 3455 neruiue
1491 3405 1540 3456 tuo
1565 3405 1594 3456 θῖ
1612 3404 1773 3472 speravimus

965 3495 993 3546 et
1012 3508 1170 3562 speramus,
1185 3507 1300 3545 oramus
1318 3491 1459 3552 :Imauus
1475 3490 1522 3559 fiet
1539 3489 1567 3544 in
1581 3488 1681 3545 futuro
1697 3492 1773 3544 θιιέθ·

965 3581 1077 3634 rieuretr'u
1093 3588 1136 3632 tua
1157 3596 1233 3650 super
1248 3597 1303 3645 nos,
1318 3578 1347 3633 id
1363 3582 1415 3645 est,
1438 3578 1593 3632 descendat
1622 3574 1771 3635 beatitudo

967 3669 1239 3723 misericordioetnae
1258 3683 1410 3738 supernos
1436 3666 1544 3721 debiles
1570 3669 1600 3720 et
1624 3665 1771 3735 infirmos;

965 3757 1185 3830 quemadmodum
1209 3772 1381 3826 speraremus,
1398 3755 1430 3809 id
1447 3759 1488 3808 θεῖ
1517 3771 1597 3826 spem
1626 3755 1774 3827 posuimus

967 3849 994 3899 in
1010 3854 1041 3899 le.
1055 3846 1184 3909 Quodcst
1194 3845 1289 3899 dicere
1306 3861 1313 3899 :
1329 3844 1390 3898 Non
1408 3844 1630 3914 hatsnrpernos
1641 3843 1771 3910 remisse,

967 3935 1088 3989 seillam
1106 3935 1200 4004 ample
1224 3932 1470 4004 quemadmodum
1495 3933 1592 4002 ample
1610 3948 1774 4002 spernemus

968 4027 996 4076 iu
1013 4030 1045 4075 te.

1199 4147 1232 4198 ut
1256 4145 1418 4200 Psiltuuu
1433 4145 1541 4199 XXXlll.

1002 4288 1110 4343 Titulus
1126 4286 1266 4358 trigesimi
1282 4286 1368 4341 tertii.
1385 4286 1510 4340 Psulmus
1525 4285 1615 4338 Dauid
1639 4302 1699 4338 eum
1726 4287 1775 4338 im·

969 4380 1082 4430 nurtuuit
1105 4377 1205 4429 ruttmu
1230 4392 1305 4427 suum
1336 4393 1423 4427 eurum
1448 4374 1612 4435 Abirueleetr,
1628 4381 1653 4426 et
1676 4373 1777 4426 dimisit

968 4484 1038 4528 euru,
1054 4473 1077 4519 et
1091 4465 1165 4518 aliut.
1181 4464 1301 4518 ilistoria
1318 4462 1400 4516 nobis
1414 4462 1443 4516 in
1459 4462 1513 4516 hoc
1537 4461 1619 4515 titulo
1636 4461 1776 4525 bannitur,

969 4572 1032 4627 qua
1049 4554 1112 4608 talis
1127 4556 1178 4606 θεῖ.
1193 4551 1292 4613 David,
1307 4550 1414 4605 insidia
1428 4549 1546 4605 Saulisa
1561 4548 1777 4620 regquudaeo·

969 4661 1033 4700 mm
1045 4643 1186 4713 expulsus,
1196 4657 1229 4695 eo
1245 4641 1323 4711 quod
1335 4640 1370 4694 de
1379 4655 1412 4693 eo
1428 4637 1588 4692 canebatur
1601 4654 1608 4691 ι
1620 4635 1779 4708 «Susciper-

969 4734 1046 4788 cassu
1073 4731 1154 4787 uritte.
1179 4737 1202 4782 et
1227 4729 1316 4782 Duoid
1340 4728 1427 4781 decem
1448 4726 1531 4780 mittio
1558 4724 1586 4797 (I
1607 4724 1676 4794 Rey.
1700 4741 1779 4793 xvul,

970 4828 985 4877 7
999 4839 1006 4889 ·,
1022 4821 1037 4873 l
1051 4819 1117 4889 [lep.
1140 4836 1194 4885 xxi,
1212 4818 1265 4887 ll).
1282 4836 1298 4867 ›>
1315 4815 1404 4871 David
1417 4815 1452 4869 ad
1467 4814 1551 4868 debis
1567 4813 1780 4868 Philistaeorum

971 4927 1071 4981 regem
1087 4906 1227 4977 conlegit,
1238 4905 1333 4977 ibique
1343 4902 1511 4976 aliquandiu
1526 4901 1676 4966 latuitoui
1690 4900 1780 4956 etiam

971 4997 1054 5053 Acbis
1064 4994 1212 5051 cornrnnni
1224 4993 1343 5049 nomine
1356 4991 1519 5064 principum
1531 4994 1615 5046 terrra
1622 4990 1781 5044 Philistaeo·

971 5103 1038 5142 rum
1061 5084 1228 5140 Abimclech
1244 5081 1402 5136 dicebatur.
1424 5079 1531 5134 Omnes
1548 5078 1626 5133 enim
1644 5076 1782 5132 Philistari

974 5191 1067 5246 reges,
1083 5169 1327 5245 qnoquenomine
1337 5168 1414 5239 prius
1431 5165 1781 5235 roca1·enlur·,communi·

975 5267 1019 5318 ter
1046 5260 1213 5316 Abimeleeb
1238 5258 1430 5312 dicebantur:
1454 5255 1525 5310 sieut
1548 5255 1670 5328 Aegypti
1699 5271 1783 5327 reges

976 5352 1150 5406 Pharaones.
1168 5347 1311 5412 Quoniam
1327 5349 1423 5400 autem
1441 5343 1528 5400 David
1546 5343 1574 5398 in
1592 5343 1692 5399 tudere
1704 5343 1784 5416 prius

978 5456 1098 5494 manens
1128 5437 1251 5503 Goliam,
1280 5435 1328 5507 qui
1357 5433 1515 5488 philistaeus
1538 5432 1643 5500 tuerat,
1676 5432 1786 5487 multos

978 5543 1093 5600 quoquc
1109 5525 1320 5580 philistaeorum
1334 5523 1539 5577 interfecerat:
1554 5520 1632 5577 unde
1644 5520 1737 5577 etiam
1749 5519 1788 5577 de
