3772 5970
109 316 157 370 991

412 312 441 370 S.
461 312 634 371 BRUNONIS
655 307 971 369 caarnthtaa'oanu
989 303 1224 364 rxsrrruronis
1243 303 1321 361 OPP.
1341 303 1430 361 PARS
1447 304 1460 360 1

1728 302 1776 357 aas

104 432 284 503 ctiores,qui,
295 432 435 487 mundum
444 434 750 504 omninosperncntes,
760 430 902 485 Christum
922 429 1020 511 Astiis
1033 426 1201 491 calumnias,
1222 425 1251 479 id
1270 429 1312 479 est
1331 423 1466 479 scandata
1480 418 1584 488 insert,
1605 436 1647 475 ne
1661 420 1778 476 ulterius

105 521 176 575 nudi
189 525 217 575 et
230 521 331 592 inopes
338 526 506 591 sequnntur.
523 523 553 575 tlt
565 526 607 575 cst
621 538 653 574 ac
668 521 690 574 si
708 521 783 573 dicat
799 537 805 573 ε
823 522 864 573 Da
879 520 903 571 ei

104 609 265 679 potentiam
275 607 304 660 in
314 608 410 663 tuturo
417 609 564 678 judicandi
577 611 713 680 populum
725 612 816 667 tuum,
827 607 907 660 idest

103 697 348 763 minoresstdetes,
363 697 411 768 qui
427 698 698 768 poputusdieunlur,
713 713 746 751 co
759 695 836 766 quod
847 711 906 748 ma·

104 784 343 839 rimamultitudo
357 786 411 840 erit
424 803 535 853 eorum,
545 786 581 839 ad
592 785 837 855 comparationem
848 799 906 837 ma-

104 872 210 929 lorum.
222 872 268 925 t'cl
285 872 323 926 sic
336 873 365 926 lii
380 873 436 928 duo
448 890 543 928 versus
555 876 689 945 teguntur
705 891 712 927 ι
727 873 809 938 Deus,
828 871 905 941 jaul-

104 961 177 1014 eium
194 967 268 1013 ticum
283 963 339 1030 rupi
350 961 430 1026 itaet
443 962 487 1015 bie
498 963 561 1016 etin
572 963 677 1027 tuturo3
691 965 719 1015 et
730 961 906 1030 utjndicium

104 1046 174 1102 illud
183 1049 273 1120 prosit
288 1051 393 1120 populo
404 1051 616 1111 salvandorum,
629 1050 807 1120 dajustiliam
823 1054 907 1113 lacurn,

105 1134 135 1189 id
152 1139 194 1190 est
209 1136 350 1205 justitiam
362 1154 424 1208 quac
442 1155 475 1192 ex
491 1142 579 1199 teest,
592 1137 731 1209 filioiltius
746 1140 823 1205 repis,
834 1135 907 1189 sciti·

105 1227 150 1276 cet
163 1225 268 1294 populo
286 1225 514 1288 ljtiristianomui
528 1226 603 1279 titius
617 1226 671 1279 erit
687 1225 823 1295 spiritatis
833 1223 909 1292 regis

104 1308 188 1367 iltius.
206 1312 286 1375 Ociod
301 1316 343 1366 est
353 1313 447 1367 dicere
462 1331 469 1367 t
483 1315 609 1368 lustitica
623 1315 703 1368 illum
718 1313 794 1383 regis
805 1312 907 1376 sitium,

105 1401 134 1452 et
143 1400 299 1454 seeundum
310 1402 742 1472 pcccatorumremissionem,et
751 1401 908 1455 secundum

104 1486 907 1560 virtutumelbonorumoperumperfectionem.Sienini

106 1571 228 1643 injustus
238 1576 458 1646 relinqueretur,
464 1582 543 1646 Justo
549 1578 657 1647 judicio
668 1578 742 1648 regis
753 1577 908 1631 damnare-

106 1664 162 1714 tur.
181 1662 214 1714 Et
226 1663 342 1733 exponit
352 1664 493 1732 justicium
511 1681 563 1735 per
579 1669 684 1734 parles,
700 1665 737 1717 sie
755 1681 761 1718 ε
780 1664 858 1730 ttico,
875 1665 908 1717 aa

960 517 1056 571 locum
1072 517 1178 570 babeat
1188 514 1227 569 eis
1240 512 1446 568 calumniandi.

992 607 1039 659 t'et
1050 604 1087 658 sie
1098 606 1192 675 potest
1201 601 1268 672 legi,
1282 601 1438 656 secundum
1448 600 1637 656 sententiam
1649 615 1740 670 quam
1750 598 1776 653 in

955 692 1065 748 duobus
1079 691 1181 762 primis
1194 690 1321 744 versibus
1335 688 1526 760 srposuimus‚
1541 692 1576 744 ut
1592 686 1776 742 continuatio

955 797 1014 834 non
1030 784 1177 834 mutetur:
1195 761 1293 849 268
1305 778 1459 849 Postquam
1474 793 1583 850 pacem
1596 774 1776 846 susceperint

957 874 1081 933 montes,
1093 872 1122 922 et
1136 869 1233 931 cottcs,
1242 869 1270 919 et
1281 865 1535 937 populi,juclieubit
1545 864 1611 931 hic,
1629 863 1661 918 id
1678 866 1774 917 estre·

958 958 1122 1012 munerabit
1133 956 1178 1010 tric
1187 972 1318 1026 pauperes
1325 954 1432 1025 populi,
1448 953 1581 1025 majores
1599 951 1725 1017 scilicet,
1738 954 1773 1015 ut,

958 1063 1023 1101 eum
1033 1047 1100 1117 justi
1114 1046 1181 1107 sint,
1198 1044 1339 1099 taciatcos
1349 1043 1500 1114 justiores.
1514 1043 1548 1096 Et
1555 1057 1616 1113 per
1628 1041 1707 1095 banc
1718 1056 1773 1111 pan

958 1140 1019 1190 tem
1027 1134 1120 1188 innuit
1131 1134 1208 1204 quod
1219 1136 1248 1186 et
1257 1131 1462 1198 minores,ticet
1472 1145 1533 1185 non
1545 1129 1629 1184 adeo
1640 1128 1771 1199 perfecte,

956 1223 1037 1293 justa
1052 1225 1106 1278 tioc
1120 1226 1218 1276 tamen
1228 1220 1305 1293 quod
1312 1220 1425 1291 justitia
1436 1236 1539 1275 eorum
1552 1219 1671 1289 exiget,
1682 1234 1770 1272 remu·

960 1312 1084 1377 necabit,
1100 1318 1124 1365 el
1139 1311 1223 1364 scalcos
1233 1311 1314 1379 [eiciet
1327 1309 1355 1362 in
1375 1309 1471 1363 futuro
1485 1307 1656 1362 saluatione
1670 1309 1770 1360 aeterna

959 1403 1195 1471 filiuspaupcnou,
1208 1399 1290 1453 idest
1303 1398 1438 1452 minores.
1450 1397 1484 1451 Et
1492 1412 1547 1467 per
1559 1397 1623 1451 hoc
1638 1395 1770 1449 daturin-

960 1483 1769 1560 tettigiquodmuttomagisipsospauperes‚quorumitii

960 1577 1097 1633 erunt.sal
1104 1575 1189 1637 sabit;
1197 1579 1222 1629 et
1231 1573 1382 1627 humiliabit
1392 1572 1622 1626 eclunmiatorem
1630 1572 1662 1626 in
1669 1570 1768 1626 futuro.

961 1666 1228 1719 Hocnonmulatur.
1243 1662 1353 1717 Laudat
1366 1665 1542 1716 autemeam
1556 1661 1596 1715 de
1612 1659 1768 1715 aeternitate

102 1747 245 1819 julicium,
259 1750 365 1803 scilieet
383 1751 419 1804 da
443 1753 468 1806 ei
484 1752 609 1820 juclicure
623 1752 666 1805 trie
676 1752 805 1822 populum
822 1761 907 1820 terion,
922 1763 947 1822 Β
960 1771 1020 1813 sira.
1043 1754 1082 1807 sic
1103 1771 1109 1808 :
1129 1752 1197 1808 Dico
1217 1752 1292 1823 qnod
1314 1751 1468 1805 biiiniliabit
1485 1749 1729 1813 calumniatorem,
1750 1756 1770 1801 et

105 1837 257 1907 quierndixi
268 1837 357 1891 titium
375 1839 464 1910 regis3
480 1842 505 1891 m
514 1842 633 1909 pectilia,
650 1841 734 1894 idest
750 1841 908 1894 secundum

106 1926 182 1998 quod
192 1927 303 1997 justitia
318 1928 405 2000 ipsius
419 1930 515 1999 populi
532 1931 745 2000 promerebitur
760 1933 815 1983 ale
832 1931 907 1996 datar,

104 2015 211 2070 scilicet
227 2018 266 2081 nt,
277 2032 341 2070 cum
358 2017 435 2071 idem
447 2019 570 2089 populus
584 2019 611 2072 iu
625 2020 679 2073 boc
695 2019 803 2072 mundo
817 2020 909 2089 justus

104 2102 151 2170 sil,
168 2106 230 2174 plus
245 2106 397 2159 abeodem
411 2107 671 2176 regejustisicetur.

141 2194 175 2246 El
190 2194 227 2247 da
241 2192 267 2248 ei
283 2194 342 2265 regi
362 2195 486 2264 judicare
501 2197 528 2248 ia
545 2196 642 2250 tuturo
666 2198 693 2249 in
709 2197 813 2267 judicio
832 2197 909 2266 justo

100 2299 231 2354 pauperes
256 2290 324 2349 ticos,
341 2282 439 2338 fideles
461 2284 566 2338 seilicet
592 2285 640 2356 qui
665 2303 724 2340 non
746 2289 825 2339 extra
840 2287 910 2339 reite

108 2373 174 2425 sunt
182 2387 321 2442 pauperes
332 2372 448 2437 ;sedtui
466 2389 617 2444 pauperes,
631 2373 658 2429 id
674 2378 727 2439 est,
739 2390 790 2444 pro
804 2378 842 2428 te.
858 2377 911 2428 Per

107 2459 232 2528 majores
242 2463 339 2514 autem
348 2459 530 2532 fideles,quos
538 2462 911 2532 pauperesdicit,datctiam

105 2542 267 2618 intelligere
277 2547 404 2602 minores
417 2566 423 2615 ;
440 2549 499 2621 qui,
513 2550 605 2604 sinon
619 2550 676 2603 sint
691 2550 832 2604 mundum
848 2567 910 2604 om·

106 2634 176 2689 nino
187 2635 392 2706 relinquentes,
409 2637 438 2691 in
452 2638 549 2691 tuturo
570 2641 668 2692 tamen
688 2639 816 2692 salrnndi
833 2642 909 2694 siml.

107 2721 143 2776 Ul
155 2728 253 2778 autem
272 2725 346 2779 istud
357 2725 501 2795 judicium
518 2727 568 2780 fiat
588 2730 617 2779 ct
635 2726 680 2780 hic
700 2727 728 2780 in
744 2727 851 2791 tutum,
866 2745 911 2780 sic-

105 2812 220 2882 scipiunt
241 2820 341 2868 arcentes
359 2831 453 2884 pacem
472 2815 571 2884 populo
594 2814 798 2883 erliibemlam,
816 2815 845 2869 id
870 2818 912 2869 cst

106 2902 238 2971 apostoli,
251 2901 298 2973 qui
309 2903 357 2956 atti
368 2906 434 2957 sunt.
444 2907 475 2956 ut
485 2908 598 2958 montes
612 2904 647 2957 ad
663 2904 912 2975 comparationem

960 1843 1038 1897 idem
1055 1859 1101 1896 rex
1118 1841 1244 1913 quicum
1257 1839 1429 1904 humiliabit,
1444 1839 1620 1908 permanebit
1635 1839 1666 1893 in
1680 1838 1770 1892 tuturo

960 1949 1018 1985 cirin
1030 1931 1125 1995 sulaid
1136 1934 1178 1984 ost
1187 1946 1251 1983 cum
1269 1929 1422 1999 majestate
1431 1926 1705 1994 Patris,secundum
1716 1926 1770 1980 dei·

960 2021 1050 2072 tatem
1061 2019 1086 2073 ci
1101 2016 1361 2072 consubstantialis.
1369 2017 1453 2070 Pater
1462 2019 1563 2069 autem
1574 2015 1646 2085 jure
1656 2015 1699 2068 sot
1711 2013 1772 2068 dici-

960 2111 1017 2171 tur,
1035 2108 1115 2177 eujus
1137 2109 1246 2160 natura
1266 2105 1382 2159 claritas
1394 2121 1411 2157 a
1424 2105 1504 2159 nullo
1527 2105 1630 2173 potest
1646 2102 1771 2173 perfecte

961 2194 1162 2266 contemplari,
1187 2195 1259 2248 sicut
1286 2193 1352 2247 solis
1368 2194 1482 2248 claritas
1503 2193 1540 2247 ab
1565 2193 1702 2247 humano
1716 2191 1772 2245 risu

961 2284 1087 2354 perfecte
1110 2283 1234 2354 conspici
1251 2283 1351 2353 nequit
1368 2288 1393 2335 ct
1415 2282 1454 2336 sic
1475 2281 1672 2353 permanebit
1699 2280 1772 2352 quod

963 2372 1019 2425 erit
1027 2378 1087 2424 calc
1096 2371 1198 2436 lernam,
1210 2371 1239 2425 id
1251 2376 1303 2437 est,
1313 2370 1342 2424 in
1354 2369 1510 2442 prasentia
1520 2371 1602 2424 lunas
1613 2368 1771 2424 secundum

962 2444 1184 2514 humanitatem,
1197 2459 1361 2513 Secundum
1374 2459 1510 2514 deitatem
1520 2475 1656 2530 namque
1668 2461 1773 2513 nonai

963 2548 1069 2609 localis,
1085 2549 1190 2603 seilicet
1202 2548 1230 2602 in
1249 2548 1404 2620 prasentia
1425 2548 1559 2602 Ecclesiae
1584 2565 1646 2602 suae
1664 2547 1730 2613 erit,
1745 2550 1773 2600 ut

963 2635 1772 2707 adcumulumbeatitudinisejusdemEcctesiaeabeodem

959 2723 1772 2796 jugiterconspiciatur.Ostenditveroquodrocetlunam

963 2828 1029 2865 cum
1054 2813 1133 2866 addit
1150 2830 1156 2866 :
1173 2819 1207 2865 tn
1229 2815 1397 2882 peneratiunc
1418 2813 1525 2868 scilicet
1554 2818 1581 2866 ct
1604 2815 1773 2881 perieratione

964 2900 1028 2968 crit,
1043 2901 1125 2955 idest
1140 2902 1169 2954 in
1185 2901 1338 2971 prasentia
1352 2899 1549 2973 generationis
1565 2905 1597 2955 et
1610 2900 1773 2971 generatio

103 2990 233 3055 collium,
248 2990 402 3061 suscipiant
413 2992 449 3046 ab
467 2992 528 3062 ipso
542 3008 609 3063 rege
622 3009 734 3063 pacem,
749 2992 777 3047 id
791 2996 833 3046 cst
844 2992 912 3047 dile·
969 2989 1024 3055 nis,
1042 2989 1070 3043 id
1086 2992 1128 3043 est
1139 2989 1234 3044 omnis
1254 2989 1448 3060 generationis
1463 2989 1625 3058 justorum.
1645 2990 1720 3044 Cum
1735 2988 1773 3043 bis

106 3078 234 3132 ctionem
249 3078 299 3133 Dei
314 3083 343 3132 et
358 3080 491 3151 proximi,
504 3097 555 3151 per
572 3097 657 3152 quam
667 3097 721 3150 pax
735 3098 805 3151 erga
818 3051 946 3136 DeumC
964 3077 1601 3148 penatpeucrationcm,deomnibusjustorum
1609 3078 1773 3148 generatio

105 3165 229 3221 habetur
237 3170 265 3220 et
274 3183 343 3239 erga
350 3169 652 3241 proximumldcoque
661 3186 715 3240 par
722 3169 787 3238 jure
795 3169 909 3237 dicitur,

107 3269 195 3324 quam
207 3255 323 3326 populo,
333 3255 412 3309 idest
423 3255 583 3310 minoribus
599 3256 825 3311 annuntient.Et
839 3274 910 3329 quo-

108 3341 188 3395 niam
197 3344 311 3395 montes
320 3358 378 3396 non
390 3344 563 3408 sufficerent,
580 3343 665 3410 colles,
678 3344 770 3411 idest,
784 3344 910 3400 minores

108 3429 320 3500 praedicatores,
332 3432 379 3501 qni
388 3433 617 3486 dicunturcottes
630 3434 750 3503 eoquod
761 3434 911 3490 interiores

108 3520 193 3570 crunt
208 3517 238 3572 in
253 3519 414 3583 sanctitate,
424 3519 459 3573 ad
473 3520 722 3592 comparationem
734 3522 851 3576 collium
863 3523 911 3594 qui

108 3607 256 3660 montibus
268 3609 334 3660 sunt
343 3607 502 3673 interiores,
518 3610 662 3679 suscipiam
676 3611 711 3663 ab
725 3609 792 3679 ipsis
804 3611 910 3665 monti-

108 3694 162 3750 bus
169 3694 311 3765 justitiam
321 3695 420 3766 papule
443 3697 684 3751 annuntiandam.
703 3698 817 3752 lustitia
832 3699 910 3753 idem

109 3786 152 3837 est
167 3783 243 3854 quod
258 3801 322 3855 pax.
332 3785 365 3838 Et
374 3786 447 3839 tiene
458 3785 571 3839 dilectio
588 3785 637 3840 ttei
652 3788 680 3840 et
693 3787 814 3857 proximi
826 3787 909 3856 justi-

107 3870 148 3925 tia
161 3871 274 3939 dicitur,
289 3889 322 3927 eo
339 3874 415 3943 equod
431 3873 527 3927 omnis
549 3890 614 3927 eam
637 3874 763 3943 perfecte
788 3875 909 3939 habens,

108 3960 910 4033 pertectejnstilicatur.Enoritialauternquudorandoct

109 4047 236 4114 optando
259 4047 339 4111 dixit,
356 4048 403 4102 ubi
428 4048 522 4118 posuit
540 4049 665 4118 judicare
684 4051 826 4120 populum,
842 4054 908 4118 etc,

108 4131 146 4186 sic
164 4150 170 4186 :
189 4133 268 4196 Dico,
283 4137 427 4204 reaccipiunt
445 4143 544 4189 triuiales
561 4154 666 4206 praeeat,
687 4142 711 4190 et
728 4138 806 4191 colles
825 4139 910 4208 janli-

110 4223 185 4288 tium,
202 4223 308 4292 populo
324 4223 570 4277 exliibendani.Et
585 4229 737 4296 postquam
754 4231 867 4280 montes
882 4231 911 4281 et

109 4311 195 4364 colles
209 4327 309 4382 pacem
317 4312 422 4380 populo
431 4313 617 4383 susceperint,
624 4314 756 4383 judicabit
767 4315 813 4369 illc
826 4333 873 4369 rer
883 4298 949 4368 inD

109 4397 205 4454 tuturo
224 4416 356 4471 praepares
372 4400 474 4471 pipeicli,
494 4401 600 4456 scilicet
622 4404 819 4457 remunerabit
832 4404 910 4474 justo

106 4487 215 4559 judicio
227 4506 278 4543 suo
292 4489 431 4560 illosquos
441 4490 496 4544 dixi
510 4494 623 4545 montes
635 4495 663 4545 et
673 4493 769 4559 colles,
782 4493 829 4563 qui
841 4509 911 4563 pau-

109 4591 193 4647 peres
207 4580 291 4630 crunt
306 4577 351 4632 tric
363 4577 390 4630 in
402 4580 508 4649 populo
518 4596 580 4646 suo,
592 4581 734 4634 mundum
750 4582 913 4652 relinquen-

109 4666 162 4731 tes;
172 4664 377 4733 electensium
390 4670 498 4721 aeterna
507 4668 664 4723 salvatione
674 4669 742 4736 filios
750 4687 912 4739 parmarum,

104 4753 249 4822 sutijectos
260 4752 365 4807 scilicet
380 4753 427 4824 qni
445 4754 496 4807 titii
511 4760 596 4809 erunt
611 4757 753 4828 spiritales
768 4759 912 4828 apostolo·

110 4857 175 4895 rum
187 4845 215 4895 et
230 4841 462 4912 praedicatorum,
476 4850 500 4897 et
520 4844 673 4899 leuntiliubit
684 4845 911 4913 calumniatorem,

110 4929 257 4984 diabolum
271 4930 378 4985 scilicet
398 4930 551 5001 deprimet,
568 4950 604 4987 ne
622 4933 737 4988 ulterius
760 4936 855 4988 locum
866 4935 915 4988 ha-

111 5016 178 5072 heat
189 5034 253 5072 suos
264 5020 394 5074 tentandi
403 5022 445 5075 vei
455 5022 673 5086 accusandi.Qui
689 5023 818 5094 quandiu
829 5041 913 5078 mun·

110 5103 162 5159 dus
177 5104 229 5159 iste
243 5105 336 5172 durat,
358 5109 550 5165 calumniator
570 5111 622 5176 eat,
640 5110 668 5164 id
688 5113 730 5164 est
754 5114 912 5174 accusator,

111 5210 169 5248 non
183 5211 261 5261 roceo,
275 5196 325 5250 sed
338 5199 415 5251 mala
429 5215 480 5252 sua
495 5199 693 5269 conceptione.
711 5201 758 5253 Est
774 5200 860 5254 etiam
870 5217 914 5255 ca-

111 5282 278 5349 lumniator,
292 5283 372 5337 idcsl
385 5285 413 5339 in
426 5291 566 5357 quantum
577 5291 671 5358 polest
680 5288 767 5341 totius
777 5287 845 5341 bani
857 5288 913 5341 dis·

106 5370 252 5434 lucisator.
268 5371 351 5424 titum
363 5373 440 5427 enini
457 5374 837 5429 usualitercalumniatorem
848 5375 915 5429 dici-

112 5456 347 5527 musquibonum
357 5461 662 5518 disturbareintendit.
675 5463 724 5518 Vel
737 5463 914 5518 culicinuiuto·

114 5543 382 5617 centumcellen
395 5552 792 5628 estquemcuuqueimpium,
806 5551 856 5628 qui
869 5551 918 5610 liic

962 3165 1045 3220 nibus
1060 3167 1109 3219 dal
1125 3166 1297 3237 intelligere.
1313 3165 1466 3220 Generatio
1480 3168 1509 3219 et
1523 3166 1685 3236 generatio
1699 3166 1771 3220 idem

963 3255 1006 3307 est
1024 3255 1102 3326 quod
1118 3256 1196 3309 tuna.
1208 3256 1317 3308 lunam
1331 3255 1486 3310 Ecclesiam
1500 3253 1582 3321 dicit,
1599 3270 1639 3309 eo
1655 3254 1772 3326 quadiu

962 3343 1095 3414 tempore
1115 3343 1322 3414 persecutionis
1345 3343 1488 3397 decrescat
1501 3358 1555 3413 per
1573 3342 1771 3413 imperiectio·

963 3448 1029 3485 nem
1042 3430 1371 3498 sitierum,utluna,etin
1381 3430 1773 3501 temporepaciscrescatper

964 3520 1089 3573 filiorum
1109 3520 1339 3590 regenerationis
1351 3523 1554 3590 augmentum.
1567 3518 1617 3572 Vct
1634 3519 1679 3573 sic
1691 3536 1698 3572 :
1712 3519 1773 3573 Per·

963 3609 1080 3663 nauriebat
1091 3624 1150 3663 crim
1166 3609 1229 3669 sole,
1238 3607 1267 3662 id
1278 3611 1321 3661 est
1335 3607 1463 3678 quandin
1474 3607 1516 3661 sot
1528 3605 1663 3661 durabit.
1677 3608 1711 3661 Et
1723 3608 1771 3661 boc

963 3697 1080 3766 exponit
1100 3712 1166 3750 eum
1183 3696 1212 3750 in
1228 3696 1414 3767 sequentibus
1430 3695 1533 3749 addit:
1553 3694 1674 3750 Scilicet
1687 3710 1771 3766 usque

962 3785 990 3839 in
1006 3785 1226 3855 generationem
1235 3785 1320 3854 hujus
1331 3782 1528 3854 generationis
1544 3782 1769 3849 subsecutivam,

962 3877 990 3928 et
1006 3873 1226 3945 generationem
1243 3874 1387 3930 ultimam.
1404 3872 1475 3927 Cum
1488 3872 1532 3926 bis
1545 3872 1769 3943 generationem

961 3963 1053 4033 ponit,
1068 3962 1377 4034 omncsgenerationes
1394 3961 1443 4014 dat
1459 3958 1687 4029 intelligereitc
1698 3958 1768 4014 sidi-

961 4055 1006 4105 cat
1023 4053 1154 4106 :Tandiu
1177 4050 1369 4123 permanebit,
1388 4048 1515 4115 qnandiu
1535 4048 1646 4102 mundi
1670 4062 1769 4104 omnes

961 4140 1164 4209 generationes
1180 4140 1325 4193 duraturae
1339 4142 1415 4193 sunt.
1440 4137 1473 4190 Et
1489 4139 1695 4207 reputaretur
1709 4135 1769 4208 post

962 4212 1051 4281 solem
1066 4226 1437 4298 etgcneralioncsnonesse
1445 4239 1670 4294 permansurus,
1681 4222 1768 4278 addit:

961 4314 1066 4369 Etunte
1082 4316 1172 4370 beriam
1188 4317 1230 4369 est
1242 4314 1312 4385 ipse,
1329 4313 1414 4367 idest
1431 4311 1546 4383 dignior
1562 4313 1591 4366 et
1609 4311 1771 4366 durabilior

963 4404 1017 4458 erit
1032 4403 1211 4458 innascitieet
1226 4402 1306 4456 omni
1320 4417 1351 4456 rc
1367 4398 1657 4470 commutabili,quae
1670 4415 1725 4470 per
1733 4400 1773 4453 tu-

963 4510 1031 4547 nam
1047 4493 1112 4547 ideo
1128 4489 1379 4561 designatur,quia
1393 4491 1461 4543 luna
1472 4502 1548 4558 saepe
1559 4490 1773 4544 commutatur.

962 4580 1009 4634 Vel
1025 4580 1062 4633 sic
1076 4596 1082 4633 ε
1098 4580 1137 4633 Ne
1155 4579 1298 4632 videretur
1310 4576 1462 4631 consuisse
1477 4577 1544 4629 autc
1560 4575 1712 4630 mundum
1728 4573 1776 4628 ad·

964 4668 1027 4721 dit:
1045 4666 1082 4720 Et
1106 4671 1167 4721 urite
1196 4667 1289 4719 larrium
1312 4663 1485 4736 permansit,¹
1507 4663 1676 4718 secundnm
1697 4661 1777 4736 quod

964 4758 1110 4812 DeusPcr
1122 4758 1222 4809 lunam
1238 4754 1426 4826 quippe‚qaae
1442 4768 1507 4823 pars
1523 4755 1566 4806 est
1584 4753 1685 4807 omnis
1695 4768 1776 4807 crea·

964 4850 1046 4912 turae,
1061 4861 1177 4900 omnem
1195 4848 1358 4898 creaturam
1371 4845 1431 4897 vult
1445 4841 1620 4912 inlelligere.

1001 4933 1142 4998 Quoniam
1156 4936 1254 4987 autem
1270 4948 1338 4985 eum
1353 4946 1454 5001 regem
1467 4928 1780 5000 dixerat‚etjudical.u·

964 5040 1030 5078 rum
1047 5038 1197 5094 pauperes,
1214 5023 1242 5074 et
1257 5020 1330 5075 titios
1346 5034 1517 5091 pauperum,
1545 5023 1648 5088 posset
1673 5020 1777 5092 quaeri,

964 5112 1111 5184 quomodo
1127 5128 1175 5165 eos
1191 5109 1320 5181 acquiret
1334 5108 1364 5162 in
1379 5106 1523 5179 regnum?
1535 5105 1779 5171 Quodsicosten-

965 5200 1006 5254 dit
1016 5218 1023 5252 :
1032 5199 1091 5254 liiii
1104 5199 1181 5270 qnod
1193 5215 1241 5252 rer
1258 5197 1323 5262 erit,
1333 5201 1361 5250 et
1374 5212 1514 5267 pauperes
1529 5199 1559 5249 et
1570 5196 1648 5251 titios
1669 5214 1780 5272 paupe·

965 5286 1182 5357 rninjudicabit.
1194 5285 1270 5349 Quos
1281 5301 1422 5356 pauperes
1434 5284 1546 5338 eltitios
1556 5284 1595 5337 sic
1609 5285 1640 5339 in
1653 5301 1780 5357 regnum

965 5376 1016 5428 sibi
1032 5374 1170 5447 acquiret,
1179 5373 1255 5445 quod
1265 5373 1342 5444 prius
1351 5372 1498 5439 descendet,
1510 5371 1540 5425 id
1556 5375 1610 5440 est,
1630 5373 1731 5428 reniet
1746 5373 1780 5428 de

966 5464 1082 5519 sublimi
1096 5462 1290 5518 invisibilitate
1304 5478 1355 5515 sua
1371 5461 1400 5515 in
1417 5460 1552 5515 notitiam
1564 5460 1726 5532 primitivas
1734 5463 1783 5518 Ec·

967 5551 1102 5610 etesiaede
1110 5548 1302 5621 iudiciariam
1307 5548 1402 5625 pluvia
1411 5548 1702 5625 desconditiuuellm,
1713 5567 1783 5610 area
