3772 5970
106 303 157 359 795

408 302 436 358 S.
457 298 630 360 BRUNONIS
648 300 965 361 CARTHUSIANORUM
983 304 1217 364 iusrnuroars
1236 301 1314 361 ΟΡΡ.
1336 301 1424 360 PARS
1443 306 1455 361 l

1716 306 1766 361 ite

105 440 161 476 sum
175 432 199 479 et
213 423 369 478 lauiniliutus
381 442 439 476 suan
462 426 550 487 nimis,
568 423 596 477 id
612 427 653 478 est
678 425 758 478 ratde
772 423 904 489 ailligent
913 429 940 486 A
955 442 999 477 aar
1014 443 1098 478 ruerem
1114 426 1299 479 roraturlialum
1325 433 1371 491 esi,
1395 426 1423 480 id
1439 429 1481 479 est
1502 425 1604 480 anima
1620 440 1691 479 mea
1703 440 1768 478 eon·

105 528 134 566 se
149 511 178 565 in
192 528 312 584 corpore
323 511 439 581 jejuniis
455 516 484 565 et
498 513 559 565 aliis
568 511 799 577 aririetatilms,et
809 511 903 565 tinnii-

105 600 217 654 liabunt
230 617 259 654 se
273 601 301 653 in
325 600 433 664 anima,
450 617 515 653 snas
530 601 689 654 voluntates
704 601 759 653 inis
773 601 903 654 anania-

105 689 180 743 tibus
194 689 406 761 postponendo,
422 689 469 759 qni
486 691 564 760 prins
589 690 789 761 superbierunt
804 690 904 743 inobe-

106 777 217 831 dientes
233 777 390 830 existendo.
417 777 450 830 at
474 777 560 830 eliam
577 781 608 831 nt
624 778 823 831 veliementius
836 776 905 847 qnid

106 865 212 930 dicam,
229 865 375 934 ruqieliaur,
397 864 424 918 id
437 869 479 918 est
501 866 626 936 suigiam,
644 865 783 920 dolebunt
799 865 906 918 seilicet

106 954 302 1021 vehementer,
314 957 345 1008 ut
359 955 401 1007 leo
418 953 476 1023 qni,
493 970 557 1007 eum
574 954 757 1008 riirrtristatns
768 954 812 1017 sit,
824 955 907 1007 valre-

106 1042 355 1107 menterrngitum
370 1043 501 1096 emittere
516 1042 663 1097 comnerit
677 1060 683 1096 ε
695 1043 739 1096 ret
750 1041 907 1113 rugient,id

105 1132 148 1183 eu
159 1130 238 1183 valde
247 1130 298 1183 silai
310 1129 344 1183 de
357 1131 479 1200 peeeatis
497 1131 670 1196 irascentur;
693 1148 709 1184 a
720 1130 908 1185 similitudine

105 1233 218 1289 qaoque
233 1217 388 1288 leonis,qui
401 1219 739 1289 rogitetiamenmiratns
749 1219 836 1273 sitiit
851 1235 908 1272 non

104 1304 291 1373 rugientmee
303 1306 426 1360 exterius
439 1323 445 1359 :
458 1306 506 1360 sed
519 1306 680 1377 rugitnsille
692 1306 827 1378 procedet
840 1324 910 1373 aqe·

103 1395 171 1446 initu
184 1394 371 1460 eordr'sniei,id
392 1395 864 1458 estmeairurn.011asidieat:Prius
880 1398 907 1447 in

102 1482 180 1536 eorde
195 1485 323 1552 gement,
341 1486 367 1535 nt
384 1486 447 1552 post
462 1500 561 1536 eornm
575 1484 698 1547 pensitas
709 1483 907 1538 excrescentia

104 1571 242 1639 rugitum,
256 1570 379 1640 quoaea
389 1571 737 1641 dicereu'neoralerngient,
749 1572 909 1643 sirntprins

103 1658 306 1729 gemantldeo
315 1674 381 1711 vero
393 1659 647 1723 contristalnmtnr‚
660 1659 869 1729 etaitligentur,
881 1663 908 1713 et

954 513 1116 588 turbabitur
1138 518 1298 584 spontanee
1318 515 1347 567 in
1364 514 1504 585 passione.
1521 512 1606 568 Unde
1623 512 1762 584 seriptum

955 605 997 653 est
1013 620 1019 655 ε
1038 622 1053 652 «
1070 601 1160 673 Coepit
1175 618 1278 672 pavere
1294 605 1321 656 et
1337 602 1442 656 tradere
1457 600 1560 672 (Mare.
1574 617 1637 667 xiv,
1656 601 1764 671 diluet

954 689 1090 760 dereliquit
1104 707 1144 742 aaa
1160 693 1243 744 rirtia
1256 708 1324 755 inea,
1336 690 1364 743 id
1378 694 1420 744 est
1430 690 1576 745 ridebitur
1586 689 1761 761 quibasdam

955 777 1139 847 dereliquisse
1154 795 1200 831 me
1220 778 1350 850 potentia
1365 793 1440 831 mea.
1455 776 1537 832 Unde
1551 776 1622 832 alibi
1640 776 1761 831 dieitur:

956 887 969 912 a
983 865 1061 919 aina
1073 869 1211 936 tanquam
1221 866 1386 920 testarirtns
1399 881 1464 920 mea
1476 863 1565 937 (Psal.
1579 881 1639 927 xxa,
1654 862 1763 937 16).»111

956 952 1043 1005 lurnen
1067 953 1200 1006 oculorum
1216 971 1345 1019 aaronem,
1360 955 1474 1024 elipeum
1494 953 1583 1006 tarmen
1602 953 1680 1015 dieo,
1702 952 1760 1007 sine

958 1056 1014 1111 quo
1031 1039 1099 1094 nihil
1117 1057 1219 1107 essem,
1235 1058 1286 1094 rum
1300 1049 1339 1095 est
1354 1059 1465 1107 aracusa,
1482 1040 1565 1096 idest
1587 1039 1762 1095 ridebitnra

958 1128 1129 1199 quibusdam
1146 1147 1203 1183 nim
1217 1146 1276 1184 esse
1287 1146 1399 1183 aneenm
1412 1149 1418 1184 ε
1429 1128 1563 1183 divinitas
1576 1128 1762 1199 scilicetaqna.

958 1216 1015 1270 mei
1033 1217 1127 1270 sordis
1142 1219 1238 1272 «sardos
1253 1217 1406 1271 illuminat.
1429 1217 1509 1271 Unde
1523 1216 1645 1288 qnidam
1665 1216 1763 1271 dixisse

959 1306 1081 1376 legitur:
1100 1330 1113 1353 a
1130 1308 1203 1361 lions
1217 1307 1370 1377 dereliquit
1385 1323 1432 1359 me
1447 1305 1594 1371 tisanana,
1614 1305 1670 1376 lt),
1689 1328 1703 1352 u
1714 1307 1764 1360 l‘er

958 1393 1012 1446 lios
1027 1398 1123 1447 antem
1139 1395 1368 1448 videbiturrirtas·
1384 1397 1488 1460 »irruet
1498 1394 1587 1447 larnen
1601 1411 1692 1447 meum
1709 1410 1762 1447 non

959 1498 1018 1536 esse
1034 1500 1159 1537 mecum.

994 1571 1137 1634 Quoniam
1161 1574 1242 1624 anu'ri
1264 1590 1313 1625 niu
1332 1572 1469 1640 simulati,
1486 1582 1509 1625 et
1523 1573 1646 1642 proriari
1660 1573 1721 1631 arrei,
1738 1570 1761 1624 id

959 1664 1001 1712 est
1013 1660 1169 1727 consangui
1183 1661 1230 1725 rei,
1246 1663 1501 1732 appropinquarunt,
1511 1661 1592 1715 idest
1607 1658 1759 1730 appropin-

104 1747 342 1813 hnmiliuluintnr,
358 1753 387 1801 et
397 1749 531 1818 rugient:
548 1752 674 1819 quoniam
691 1748 775 1802 leuandi
794 1751 846 1802 uzei
861 1751 909 1801 iai·
924 1748 1097 1819 Bqnalnint,
1109 1749 1247 1801 adeersum
1263 1767 1313 1809 irre,
1336 1752 1366 1803 ut
1378 1749 1501 1820 rapiant¹
1524 1747 1562 1802 Ea
1576 1755 1720 1812 steterunt,
1736 1746 1761 1800 id

99 1836 417 1905 pletisunlilluu'ouibus,
429 1838 455 1891 id
464 1838 752 1897 esteordanreornrn.
765 1854 828 1908 quan
842 1837 906 1890 ideo
958 1836 1121 1889 eslstalmnt
1131 1840 1347 1906 perseveranter
1357 1837 1385 1891 in
1403 1837 1586 1891 assumtione
1597 1835 1656 1890 mei
1665 1834 1759 1890 diren-

105 1926 348 1992 dicunturlumhi,
365 1926 475 1996 qniaab
485 1926 660 1996 eisproeedit
670 1925 805 1996 cogitatio
819 1925 906 1991 mala,
958 1922 1060 1977 duasi
1078 1924 1153 1978 hune
1168 1924 1297 1991 dimittis,
1310 1942 1368 1979 non
1385 1941 1414 1978 es
1426 1925 1533 1978 amiens
1544 1922 1760 1993 caesariei-loun.

106 2030 169 2084 quae
185 2014 333 2067 hominem
347 2014 524 2084 coinquinat,
543 2013 614 2067 sicut
628 2030 645 2066 a
665 2014 772 2067 lurnlns
785 2013 904 2079 lustitia,
958 2028 1013 2073 xix,
1032 2011 1087 2080 li).
1104 2033 1117 2059 a
1132 2013 1171 2067 El
1180 2014 1243 2083 quia
1245 2013 1325 2081 juria
1338 2012 1425 2075 rnaid
1438 2015 1481 2065 esi
1496 2012 1525 2066 in
1535 2011 1760 2066 familiaritatem

107 2102 263 2171 plenasnnt
276 2101 908 2172 malisdelectationibus,quaesuntillusiones
959 2099 1015 2152 mei
1031 2103 1124 2164 eram,
1134 2100 1263 2172 discipuli
1279 2101 1428 2155 seilicetdo
1440 2101 1515 2167 lonqe
1529 2108 1671 2164 steterunt,
1682 2099 1710 2152 id
1724 2103 1761 2153 est

107 2191 249 2244 malornm
272 2190 434 2263 spirituum.
459 2190 496 2244 El
512 2191 576 2245 ideo
592 2194 658 2244 sunt
674 2190 761 2260 pleni,
775 2190 842 2260 quia
856 2206 909 2243 non
958 2189 1075 2242 stabunt
1094 2206 1140 2242 me
1166 2191 1264 2243 relide
1282 2207 1340 2261 pra
1357 2189 1460 2243 timore
1474 2189 1655 2243 lnrlaeornm.
1673 2186 1711 2240 Et
1722 2188 1763 2259 qui

107 2286 146 2332 est
159 2281 258 2332 sanitas
275 2281 301 2331 in
313 2295 393 2332 earne
405 2296 473 2342 mea,
497 2282 529 2333 ut
543 2279 672 2349 superins
685 2282 830 2332 ostensum
845 2281 886 2331 est
901 2295 908 2344 ;
958 2276 1121 2347 quaerebant,
1131 2276 1349 2348 idestqaarent
1360 2277 1531 2332 omnimodo
1541 2278 1665 2330 animam
1683 2292 1760 2328 ineam

111 2367 186 2439 quad
203 2371 245 2421 est
268 2367 379 2421 dicere:
408 2368 441 2421 Et
462 2369 516 2421 true
546 2366 688 2436 contingit
703 2384 735 2421 er
752 2366 909 2436 fragilitate
959 2364 1083 2429 auterre,
1107 2365 1195 2419 iudai
1212 2366 1328 2428 seilirat,
1345 2368 1398 2419 υἰιη
1423 2366 1570 2435 faciebant,
1589 2365 1679 2419 idest.
1697 2362 1761 2418 mihi

109 2455 202 2509 carnis
217 2471 394 2526 eorumquae
410 2454 526 2509 infirma
541 2457 591 2508 est.
609 2454 666 2507 llae
682 2457 778 2507 autem
805 2453 908 2524 partim
959 2452 1125 2507 violentiam
1149 2453 1284 2518 inserent,
1313 2453 1487 2519 flagellando
1512 2457 1542 2507 et
1568 2450 1760 2522 crucifigenda

110 2543 202 2597 verbis
216 2543 277 2597 aliis
291 2542 420 2613 superins
435 2542 559 2613 positum
576 2545 628 2607 est,
642 2558 707 2596 cum
723 2541 813 2596 dixit:
835 2541 910 2595 Sicut
960 2540 1050 2606 (disan.
1075 2540 1142 2610 rix).
1170 2539 1208 2594 El
1232 2559 1276 2612 qiu
1297 2542 1479 2613 inquirebant,
1505 2540 1534 2595 id
1549 2544 1594 2594 est
1609 2539 1758 2612 inquirent.

109 2648 176 2685 onus
188 2649 280 2700 qraue,
296 2634 350 2685 ete.
365 2631 420 2685 Sed
437 2630 473 2685 ad
490 2630 565 2684 aliud
586 2629 735 2702 repetitur.
753 2631 787 2683 Et
800 2629 853 2683 hoc
867 2632 909 2684 to·
960 2629 1032 2682 mala
1045 2630 1113 2682 anilii
1127 2629 1252 2683 aurisiliis
1268 2628 1324 2684 sais
1339 2629 1480 2693 videlieet,
1496 2628 1621 2700 qualiter
1635 2626 1760 2682 occidant

111 2722 171 2773 tuni
185 2723 227 2773 est
240 2736 273 2773 ae
287 2719 310 2774 si
332 2720 456 2774 diceret:
479 2719 565 2773 debes
581 2718 645 2772 idea
661 2718 702 2772 eis
717 2717 857 2782 misereri,
874 2735 911 2772 ne
960 2721 988 2772 et
1001 2716 1355 2784 videtineant,lurutisiant,
1368 2717 1397 2770 id
1408 2721 1450 2771 est
1461 2717 1758 2788 loquenturuanitater,

109 2823 223 2877 arguas,
237 2810 287 2860 ant
301 2807 448 2878 corripias,
463 2806 530 2878 qnia
547 2806 581 2860 de
602 2805 725 2877 peccatis
740 2804 910 2859 omnimodo
960 2805 1081 2860 dicendo
1093 2827 1098 2859 ;
1109 2803 1245 2859 ltiedisit:
1258 2825 1273 2856 a
1285 2806 1400 2860 Possum
1410 2804 1653 2869 destruere‚»ete.
1663 2801 1757 2874 (diali.

109 2895 299 2967 poenitebnnt.
960 2909 1033 2959 xxvi,
1050 2895 1079 2945 til
1087 2893 1144 2962 qai
1154 2893 1204 2946 tras
1215 2895 1345 2947 vanitates
1353 2909 1410 2947 non
1418 2893 1575 2964 loquentur
1586 2890 1757 2951 immediate,

144 2984 178 3037 Et
190 2983 254 3038 ideo
269 2983 361 3039 adhuc
376 2983 464 3038 debes
476 2982 614 3047 misereri,
631 2982 698 3055 qnia
713 2999 789 3037 omne
808 2982 909 3037 deside·
960 2980 1009 3034 sed
1021 2979 1057 3034 ad
1070 2980 1217 3034 cumulum
1233 2981 1366 3052 nequitia
1376 2996 1476 3034 eorum
1484 2986 1540 3033 tata
1552 2979 1596 3034 die
1605 2979 1679 3033 dolos
1686 2977 1757 3032 rnedi-

109 3073 178 3125 rium
192 3088 290 3137 meusne,
306 3071 333 3125 id
352 3073 394 3125 esi
413 3086 557 3135 mearum,
574 3074 616 3125 est
634 3074 666 3124 ut
685 3071 743 3125 sint
755 3078 817 3124 ante
830 3078 863 3136 le,
881 3069 911 3124 id
961 3068 1096 3133 tutantur,
1107 3067 1184 3122 idest
1190 3068 1300 3140 jugiter
1313 3068 1530 3123 meditabuntur
1542 3072 1653 3122 vanaet
1670 3067 1759 3122 dolosa

108 3161 151 3215 est
165 3159 194 3212 in
221 3159 374 3230 praesentia
388 3162 447 3222 tua,
464 3158 637 3230 quandoque
662 3158 738 3212 beati
759 3158 806 3212 illa
819 3157 911 3228 gloria
959 3156 1046 3210 rerba
1060 3160 1160 3211 eontra
1177 3172 1232 3210 me.

108 3263 196 3318 quam
213 3262 265 3317 per
276 3246 368 3301 Adam
383 3246 551 3311 amiserunt,
568 3245 644 3316 quod
655 3249 697 3299 est
708 3246 818 3299 dicere:
838 3245 910 3299 Nihil
995 3243 1055 3313 Epo
1070 3252 1157 3298 autera
1183 3260 1240 3298 raon
1257 3243 1420 3298 econtrario
1435 3244 1475 3298 eis
1491 3243 1678 3313 respondebo
1695 3259 1703 3297 ε
1718 3241 1760 3296 sed

108 3337 215 3405 praeter
240 3336 266 3388 te
291 3332 466 3397 desiderant,
485 3335 513 3385 et
538 3332 727 3387 desiderando
743 3332 780 3386 ad
794 3333 850 3386 hoe
864 3349 911 3404 ge·
960 3349 1012 3385 non
1027 3331 1137 3385 aridium
1148 3338 1273 3403 tunquam
1287 3332 1390 3398 surdus,
1408 3330 1436 3386 id
1457 3335 1499 3385 est
1514 3346 1571 3384 non
1582 3331 1707 3401 loquens
1718 3344 1760 3385 ero

109 3424 194 3475 munt
209 3426 237 3475 et
251 3421 402 3490 suspirant.
425 3421 465 3476 Et
480 3421 525 3475 ille
533 3422 646 3489 qemiius
658 3437 789 3475 meorum
805 3437 858 3474 non
874 3429 912 3474 est
961 3419 1041 3490 quasi
1054 3436 1112 3473 non
1133 3419 1249 3474 audiam
1271 3426 1300 3472 ul
1310 3419 1415 3485 surdus,
1431 3418 1668 3473 eincutexistens
1680 3425 1761 3473 anulus

61 3556 69 3563 .
109 3514 175 3563 ale
198 3508 375 3575 absconditas,
403 3508 451 3562 sed
473 3508 524 3563 tibi
541 3508 774 3579 cognitusestet
795 3512 909 3579 gratus;
961 3524 1013 3561 non
1026 3509 1144 3578 aperiens
1163 3525 1190 3561 os
1208 3525 1287 3561 suum
1315 3508 1454 3571 Quadest
1470 3506 1591 3560 dicere:
1616 3504 1760 3577 aequetu-

109 3596 232 3668 ideeqne
246 3595 365 3650 minime
381 3594 842 3651 decetutsitirremnneratns.tlel
856 3595 909 3651 sie:
961 3595 1036 3649 eiam
1053 3595 1168 3667 aliquod
1189 3595 1304 3666 signum
1329 3593 1538 3665 indignationis
1561 3593 1713 3664 gemendo
1725 3590 1761 3647 rel

109 3683 150 3743 Et
163 3687 277 3753 gemitus
292 3700 435 3751 meorum,
452 3701 538 3755 quem
555 3684 590 3739 de
615 3683 737 3755 peccatis
759 3687 858 3755 agnat,
876 3684 913 3739 ad
960 3684 1137 3755 plangendo,
1154 3682 1355 3754 comparabilis
1369 3681 1516 3752 muto,qni
1531 3698 1591 3735 non
1608 3681 1762 3735 salumnoa

109 3772 319 3828 beatitudinem
339 3772 521 3845 suspirando,
545 3780 678 3826 noneste
694 3771 911 3838 tealsconditus,
962 3772 1051 3842 loqui,
1078 3771 1127 3825 sed
1156 3787 1208 3824 nec
1235 3770 1323 3824 etiam
1341 3786 1372 3825 os
1387 3769 1499 3842 aperire
1514 3771 1657 3840 potestat
1672 3783 1763 3825 rocem

109 3860 154 3915 sed
163 3864 316 3932 coqniiusel
325 3868 428 3931 pratus.
442 3860 589 3925 Quereret
599 3860 837 3932 aliquis3Genient
852 3861 913 3916 ne‘l
963 3859 1122 3931 quamlibet
1136 3859 1259 3913 emittat.
1276 3857 1352 3926 ttalti
1367 3873 1493 3927 namque
1516 3855 1589 3911 inuti
1611 3860 1693 3923 sunt,
1723 3853 1764 3927 qui

111 3950 312 4021 Respondetnr
325 3949 383 4003 sic:
406 3948 478 4003 Vere
490 3966 535 4003 ear
545 3965 643 4015 aueum,
664 3949 692 4004 id
711 3952 754 4003 est
768 3965 913 4017 meorum,
963 3949 1066 4002 saltem
1082 3948 1209 4001 clamant
1222 3949 1251 4000 et
1265 3949 1395 4016 gemunt.
1404 3944 1518 4014 Repetit
1529 3944 1608 4016 quod
1620 3943 1704 4010 dixit,
1711 3942 1766 4011 qu

111 4037 301 4092 conturbatum
312 4040 353 4090 est
359 4036 612 4106 gemendolithoe
620 4035 762 4108 ideo,quia
776 4037 916 4108 dereliquit
965 4043 1090 4107 lumnam
1099 4034 1194 4088 surdus
1200 4051 1253 4087 aaa
1260 4033 1411 4103 audiebam,
1423 4035 1455 4087 ut
1468 4031 1618 4087 addutsie:
1635 4031 1677 4087 El
1686 4032 1766 4103 sactus

112 4141 154 4178 me
166 4125 248 4177 uirtus
256 4122 405 4189 urea,idest
415 4139 496 4177 meus
506 4122 660 4194 dereliquit
666 4124 810 4194 perddam
820 4124 915 4180 omnis
963 4141 1032 4190 sum,
1045 4123 1071 4177 id
1086 4126 1129 4177 est
1139 4122 1230 4176 iaetus
1239 4138 1300 4188 ero,
1311 4123 1378 4175 sicul
1393 4121 1470 4175 luomo
1484 4136 1537 4173 non
1547 4119 1671 4187 audiens,
1684 4126 1710 4173 el
1720 4134 1765 4173 aaa

111 4213 197 4267 virius
207 4226 327 4267 eorum:
344 4211 492 4266 humilitas
504 4210 622 4278 seilicet,
638 4212 752 4267 castitas
762 4215 791 4267 et
802 4216 914 4267 eaeterre
964 4211 1062 4265 latens
1088 4213 1116 4264 in
1144 4226 1188 4263 ore
1215 4225 1261 4263 suo
1277 4207 1485 4278 redurqalioaes.
1498 4205 1581 4272 Quod
1596 4211 1642 4262 est
1657 4206 1764 4262 dicere:

112 4298 240 4354 virtutes.
253 4296 315 4352 Non
324 4298 402 4370 quod
414 4313 516 4353 omnes
525 4302 628 4354 ertoto
637 4298 914 4371 dereliqueruatzsed
926 4304 953 4364 D
965 4299 1088 4354 Videbar
1101 4297 1165 4352 ideo
1174 4296 1314 4351 sietaeere
1330 4302 1358 4349 ut
1369 4296 1474 4363 surdus,
1484 4294 1562 4366 qaod
1575 4310 1636 4349 non
1648 4295 1766 4349 habeam

113 4386 181 4459 quia
193 4387 326 4457 quedam
341 4403 375 4441 ex
391 4389 461 4454 toto,
478 4387 533 4442 illae
548 4404 615 4442 vero
631 4404 695 4458 quae
710 4391 820 4444 restant
833 4389 915 4444 ratde

114 4473 266 4530 minoratae
281 4478 357 4542 sunt,
375 4476 416 4529 vel
430 4477 514 4529 uirtus
526 4493 594 4541 urea,
611 4475 639 4529 id
654 4478 697 4530 est
712 4475 917 4532 liberumarbi·

113 4562 213 4630 trium,
242 4566 272 4617 ut
296 4579 354 4616 aon
370 4563 479 4634 possint
493 4580 528 4619 eo
541 4563 578 4618 ad
592 4563 714 4618 salutem
730 4564 781 4619 uti.
795 4565 836 4621 Et
849 4564 915 4620 ideo

115 4651 301 4706 careturbalum
315 4659 352 4705 est
367 4668 421 4714 eor,
438 4651 506 4723 quia
521 4651 612 4705 lumen
632 4635 918 4723 {2'0eulorurnrnea

115 4738 216 4800 rum,id
227 4742 270 4792 est
284 4738 444 4793 intellectus
459 4739 589 4793 cordium
602 4755 746 4808 meorum,
759 4742 801 4795 rel
818 4741 915 4807 lumen,

116 4827 145 4882 id
174 4831 217 4882 est
235 4827 406 4898 soljustitiae
433 4827 571 4894 Christus,
604 4827 652 4899 qni
673 4828 916 4883 oeulosaordium

115 4932 250 4971 meorum
262 4915 437 4970 illuminabit
449 4932 456 4969 ε
468 4923 492 4969 et
502 4918 589 4986 ipsum
602 4916 771 4983 luineudieo,
783 4916 844 4971 sine
860 4932 915 4988 qno

115 5005 186 5060 nihil
202 5022 261 5059 esse
277 5003 415 5059 dicendus
433 5020 507 5070 sum,
534 5021 587 5058 non
610 5011 647 5058 est
660 5022 772 5072 mecerin,
792 5009 824 5059 ut
837 5021 918 5060 meos

97 5092 270 5148 illuminet.
288 5092 430 5166 Supponit
453 5109 568 5165 quoque
583 5109 699 5148 eausam
717 5093 803 5149 aliam
822 5110 828 5148 :
852 5111 916 5166 pss-

116 5182 228 5236 sionem
244 5181 373 5236 videlieet
387 5197 479 5247 suam,
496 5197 548 5252 pro
564 5198 621 5252 qua
633 5182 737 5237 debeat
747 5181 787 5237 eis
802 5182 918 5236 misere-

117 5270 151 5335 ri,
163 5269 218 5323 sie:
231 5271 263 5322 lit
278 5269 342 5323 ideo
352 5269 440 5323 debes
451 5269 491 5324 eis
504 5268 643 5337 misereri,
661 5269 729 5342 quia
745 5268 811 5324 ideo
821 5285 919 5341 passus

118 5372 182 5412 sum
198 5356 275 5428 quod
296 5358 377 5410 amici
394 5359 513 5419 meiate.
532 5359 628 5412 Potest
648 5374 763 5429 quoque
789 5357 919 5428 superior

119 5459 215 5498 versus
230 5447 370 5515 quantum
390 5445 427 5499 ad
451 5446 613 5516 passionem
629 5444 686 5517 legi
701 5445 760 5499 sie:
786 5445 853 5500 llieo
883 5462 918 5500 ne

122 5546 225 5601 arguas
239 5546 388 5604 eosneque
404 5533 549 5605 corripias.
565 5534 636 5590 Nam
652 5536 683 5589 ut
697 5532 917 5602 eismisarearis,

965 4387 1042 4443 unde
1057 4402 1106 4441 eas
1120 4386 1305 4457 redarguam,
1329 4401 1395 4440 eum
1416 4384 1445 4439 in
1470 4383 1569 4438 rnnltis
1591 4383 1703 4455 possim
1724 4398 1768 4438 eos

965 4477 1150 4547 redarguere.
1173 4475 1206 4528 Et
1217 4474 1273 4528 hoe
1288 4477 1381 4528 totum
1395 4475 1437 4528 est
1451 4489 1484 4528 ae
1499 4472 1521 4527 si
1539 4471 1651 4527 diceret
1674 4489 1680 4528 :
1706 4471 1766 4527 Ideo

966 4565 1052 4620 debes
1064 4564 1105 4618 eis
1119 4561 1259 4629 misereri,
1275 4561 1341 4634 quia
1356 4561 1425 4617 tatia
1437 4564 1466 4615 et
1475 4561 1544 4616 talia
1550 4575 1604 4632 pro
1613 4560 1657 4615 eis
1669 4558 1766 4633 patiar.

967 4652 1038 4717 Onia
1052 4668 1119 4706 vero
1135 4667 1214 4705 mors
1236 4650 1297 4704 sine
1323 4649 1546 4716 resurrectione,
1568 4649 1672 4703 valeam
1689 4663 1768 4705 causa

966 4758 1024 4797 non
1041 4743 1123 4807 esset,
1140 4737 1237 4793 addit:

1001 4832 1036 4885 Et
1051 4830 1116 4886 ideo
1127 4828 1214 4883 debes
1223 4826 1404 4892 misereatui
1417 4841 1469 4897 per
1483 4825 1768 4884 meamresnrreetio-

967 4932 1150 4983 nem‚eorum
1159 4913 1321 4968 miserearis
1333 4930 1338 4968 :
1350 4914 1452 4984 speravi
1466 4914 1494 4967 in
1511 4919 1544 4980 le,
1555 4911 1682 4981 Domine,
1689 4913 1718 4969 id
1731 4914 1769 4967 est

967 5022 1048 5078 spem
1058 5002 1276 5059 resurrectionis
1289 5001 1381 5073 posui.
1395 5002 1434 5060 lit
1458 5008 1487 5055 lu
1500 5001 1623 5056 exaudies
1635 5019 1678 5057 me
1691 5017 1770 5059 oran-

968 5098 1038 5160 tem,
1052 5093 1167 5146 Domine
1184 5091 1258 5145 Deus
1272 5106 1355 5156 meus,
1375 5093 1406 5144 ut
1421 5105 1468 5144 me
1479 5089 1639 5146 resuscites.
1667 5090 1700 5146 lit
1714 5105 1768 5145 non

967 5183 1061 5238 solum
1077 5179 1199 5234 exaudies
1214 5179 1281 5250 quia
1295 5179 1409 5249 speravi,
1423 5176 1573 5232 sedetiam
1588 5180 1652 5249 quia
1667 5178 1732 5244 diei,
1743 5174 1770 5231 id

968 5273 1011 5327 est
1024 5267 1110 5323 verbo
1125 5267 1213 5323 orabo
1229 5265 1341 5321 dicens:
1365 5264 1386 5320 0
1416 5266 1548 5332 Domine,
1565 5266 1704 5322 resuscita
1715 5281 1769 5331 me,

968 5374 1001 5412 ne
1012 5355 1128 5429 quando,
1143 5354 1171 5408 id
1193 5357 1236 5408 est
1249 5353 1404 5426 aliquando
1414 5353 1627 5426 supergaudeant
1642 5356 1710 5409 rani
1722 5355 1769 5408 uri·

968 5447 1032 5499 niuei
1044 5446 1105 5499 mei.
1142 5442 1224 5506 Quod
1252 5444 1293 5496 est
1307 5441 1420 5497 dicere:
1445 5442 1493 5514 qui
1513 5443 1731 5515 supergaudent
1743 5442 1770 5496 in

969 5535 1073 5602 morte,
1090 5547 1150 5588 noa
1165 5530 1398 5602 supergaudeant
1410 5530 1506 5603 aliquo
1520 5530 1610 5587 moda
1622 5529 1653 5586 ia
1670 5548 1772 5607 quosu-
