3772 5970
201 328 268 384 raes
495 316 524 383 s.
542 315 717 385 annaeus
738 312 1054 383 casrausuuouuu
1073 317 1310 384 rasruoranrs
1331 325 1408 383 arr.
1429 317 1518 383 raas
1532 320 1553 384 ι.
1793 328 1850 383 rsa

200 451 278 502 certo
290 447 569 515 lrustraest,etrobis
580 449 690 503 occasio
699 448 999 521 justaedamnatiunim·
1017 453 1045 512 Α
1060 466 1105 503 res
1120 450 1262 504 humanas
1276 466 1451 516 noncurare,
1460 450 1577 521 quidam
1588 464 1658 503 vero
1673 447 1806 519 cogitent
1819 449 1853 502 dei

200 537 264 604 Vos,
281 536 556 608 inquani,‹leclinnle
583 553 599 591 a
627 538 703 591 malo
729 538 877 609 proposito
898 542 1004 603 vestro,
1058 536 1854 607 misericordiamomniaumuibus,etsinonpoeniteant,

199 629 356 696 elegonon
370 624 603 679 desistensameo
616 625 762 697 proposito
774 627 1004 693 bonos-credatur
1054 625 1214 696 indulgere,
1231 626 1348 698 quidam
1373 631 1469 680 autom
1495 627 1604 679 lienum
1635 641 1700 677 csse
1718 624 1855 694 cogitanta

200 715 417 786 perseveranter
437 730 503 767 cum
529 714 699 784 operatione
723 715 851 769 mandata
870 715 923 769 Det
937 717 999 784 aiei,

198 802 339 858 mandata
351 802 457 858 seilicet
467 803 541 857 illius
565 803 612 875 qui
627 807 670 857 est
684 805 757 859 Deus
771 821 864 872 meas,
880 805 1000 861 Creator

198 907 291 959 meus,
308 891 388 961 cujus
401 891 530 945 inundata
554 892 708 947 scrutanda
723 897 800 962 suut,
817 909 876 947 non
906 894 998 966 negli-

198 977 303 1048 genda.
319 977 394 1031 Facit
404 978 491 1032 etiam
505 980 711 1050 apostropham
727 979 764 1033 ad
779 980 870 1033 Deum
887 981 997 1036 orando

198 1065 250 1120 sic:
264 1066 298 1119 Ut
307 1065 445 1120 mandata
456 1066 629 1121 tuascrutari
637 1068 747 1121 valeam
758 1067 997 1140 inlensc,suscipe,

198 1153 331 1220 Domine,
346 1152 430 1207 idest
452 1157 511 1208 esto
527 1159 674 1225 susceptor
684 1172 776 1222 meus,
791 1156 928 1224 medicus,
945 1157 998 1212 sci·

196 1241 263 1297 licet
286 1244 314 1296 et
329 1244 455 1309 curator,
472 1243 503 1295 ut
527 1259 610 1297 sanes
625 1260 672 1297 me
697 1244 733 1298 ah
750 1243 830 1299 omui
851 1244 998 1298 debilitate

196 1329 312 1396 mentis,
329 1329 424 1384 dando
440 1329 606 1385 facultatem
622 1331 696 1385 bane
719 1332 868 1403 operandi.
889 1333 1000 1404 Suscipe

195 1436 247 1486 riae,
259 1418 389 1488 inquam,
405 1421 433 1472 et
457 1418 511 1473 hoc
526 1418 571 1473 lac
594 1419 739 1474 secundum
764 1421 897 1492 eloquium
913 1429 997 1490 ticum,

195 1506 284 1561 idest
309 1505 469 1560 secundum
492 1507 669 1577 promissum
696 1512 789 1579 tuum,
806 1509 913 1563 scilicet
928 1510 999 1565 sicut

196 1593 997 1671 promisistiquodlidelibustuispatrocinarerissemper,

196 1682 294 1737 dicens
307 1698 313 1738 :
328 1703 342 1732 u
359 1682 428 1735 Eece
442 1697 496 1752 ego
513 1682 658 1737 veliiscum
672 1701 734 1738 sum
752 1685 887 1739 omnibus
899 1686 998 1741 diebus

1052 716 1202 787 praeceptis
1215 715 1264 770 liei
1276 715 1432 769 discedere.
1450 715 1489 767 Ne
1502 714 1565 785 quis
1579 729 1651 784 crgo
1668 714 1791 784 putaret
1804 713 1856 767 illos

1050 804 1165 856 tantum
1177 819 1236 857 esse
1251 802 1410 856 discedentes
1423 818 1439 856 a
1460 800 1578 873 justitiis
1591 799 1725 866 Domini,
1739 798 1856 870 quisunt

1050 890 1094 944 rel
1118 890 1219 955 ludaei,
1236 892 1280 944 vel
1306 891 1438 960 gentiles,
1458 891 1501 944 vel
1527 888 1668 976 haeretici,
1685 887 1856 942 Christianos

1050 982 1148 1033 autom
1162 979 1283 1034 lalsoset
1296 982 1448 1050 peccantes
1463 977 1656 1032 criminaliter
1668 979 1792 1047 putaret
1806 992 1856 1030 nou

1049 1067 1221 1134 discedentes,
1234 1067 1361 1122 ostendit
1377 1083 1479 1121 omnes
1499 1068 1655 1138 peccantes
1671 1064 1857 1119 criminaliter

1050 1172 1110 1210 csse
1126 1156 1356 1225 praevaricantes,
1373 1155 1432 1208 sic:
1450 1154 1584 1226 Spernes,
1601 1154 1744 1225 inquam,
1762 1169 1857 1207 omues

1050 1259 1067 1297 a
1077 1243 1193 1313 justitiis
1202 1244 1258 1298 tuis
1273 1243 1461 1298 discedentes.
1479 1243 1518 1297 Ne
1528 1242 1591 1315 quis
1605 1244 1712 1296 autem
1729 1240 1857 1295 Christia-

1050 1347 1103 1385 nus
1114 1333 1233 1387 nomine
1243 1331 1433 1386 criminaliter
1443 1348 1564 1403 peccans
1576 1330 1712 1384 inhocse
1724 1331 1857 1401 palpetut

1050 1417 1082 1473 se'
1095 1419 1345 1489 prevaricatorem
1355 1435 1415 1473 csse
1427 1435 1486 1474 uon
1498 1421 1624 1489 reputet,
1642 1420 1764 1471 certum
1774 1416 1857 1472 omni-

1049 1507 1102 1561 bus
1112 1508 1147 1560 sit
1162 1508 1239 1579 quod
1247 1509 1457 1578 praevaricantes
1475 1523 1536 1561 esse
1557 1509 1688 1577 reputavi
1700 1522 1793 1560 omnes
1802 1521 1856 1576 pee-

1049 1602 1147 1649 catores
1162 1603 1249 1663 terre,
1264 1595 1293 1650 id
1316 1598 1358 1650 est
1373 1612 1474 1651 omnes
1487 1599 1641 1668 peccantes
1655 1594 1856 1659 criminaliter,

1049 1683 1176 1755 quicum
1191 1684 1343 1738 imisintin
1356 1685 1429 1738 vitiis
1446 1682 1600 1751 etsordidi,
1616 1685 1701 1738 terra
1714 1682 1855 1743 dicuntur.

195 1770 616 1843 usqueadeonsummationcm
626 1771 996 1845 saeculi(Mattliuxvuuttlb
1010 1772 1035 1831 B
1048 1788 1105 1826 non
1120 1772 1198 1826 coeli:
1216 1775 1342 1844 repertori
1351 1789 1405 1842 ego
1415 1774 1445 1826 et
1457 1775 1559 1843 reputo
1572 1788 1634 1825 esse
1641 1771 1857 1842 praevalescente

196 1860 230 1915 ut
242 1859 362 1914 alibi:«
375 1859 437 1914 Non
452 1876 500 1914 vos
514 1859 675 1931 relinquam
690 1862 997 1933 orphanasuoanmv,
1044 1860 1120 1930 justa
1137 1864 1282 1931 precepta
1298 1865 1357 1927 tua,
1372 1859 1400 1914 id
1429 1863 1472 1914 est
1499 1859 1766 1932 transgredientes.
1783 1861 1857 1914 ldcm

197 1948 249 2020 ιιι).
266 1968 281 1997 u
300 1947 421 2018 Suscipe,
435 1946 565 2018 inquam,
582 1951 612 2001 ct
626 1948 648 2002 si
664 1948 816 2020 susciperis
837 1951 893 2017 bic,
908 1954 1007 2006 eieam.
1048 1952 1144 2003 autem
1159 1952 1201 2003 est
1217 1950 1363 2003 discedere
1379 1949 1559 2021 aprceceptis
1570 1948 1622 2004 Ilei
1635 1951 1667 2002 et
1680 1965 1719 2003 ca
1730 1949 1862 2021 praecari·

194 2036 338 2092 secundum
354 2035 485 2106 elequium
496 2043 581 2102 laura,
596 2038 626 2089 ct
640 2036 669 2090 in
684 2036 780 2092 lutura
796 2042 906 2093 eterna
922 2040 995 2108 rita;
1047 2036 1249 2106 carildeoerpo
1260 2036 1327 2108 quia
1339 2041 1543 2108 spernentura
1562 2041 1590 2090 te
1601 2051 1697 2092 omracs
1716 2055 1734 2090 a
1742 2038 1863 2106 justitiis

194 2129 225 2180 ct
239 2124 341 2179 sicana
355 2124 504 2192 carafandas
518 2141 568 2191 rne,
583 2122 613 2177 id
629 2129 672 2179 est
690 2142 748 2179 non
766 2127 915 2197 permittas
927 2145 996 2182 con·
1048 2127 1100 2179 tuis
1122 2125 1287 2194 descedentes,
1305 2142 1341 2179 ne
1365 2129 1394 2179 et
1409 2142 1463 2197 ego
1479 2141 1600 2197 spernar
1616 2141 1679 2179 non
1707 2125 1827 2180 discessi
1848 2141 1863 2177 a

194 2213 276 2268 fundi
293 2229 339 2267 ma
353 2211 511 2267 alienatum
532 2213 565 2264 ab
586 2215 779 2284 exspectatione
797 2232 866 2282 mea,
882 2215 911 2270 id
927 2220 998 2271 esta
1043 2211 1162 2282 justitiis
1177 2212 1241 2278 tuis,
1255 2213 1304 2267 sed
1327 2213 1415 2268 dilexi
1436 2215 1583 2267 testimonia
1602 2219 1661 2281 tua,
1681 2212 1714 2267 in
1730 2218 1776 2269 est
1792 2231 1863 2286 pra-

193 2302 252 2356 rila
266 2304 376 2355 aeterna
391 2316 479 2372 quam
492 2300 769 2372 exspectatissima
782 2319 908 2375 namque
924 2308 998 2359 esset
1047 2303 1130 2372 cepta
1141 2304 1199 2367 tua,
1213 2317 1272 2356 non
1285 2301 1449 2371 spernendo
1458 2317 1501 2356 ea,
1512 2302 1548 2355 Ut
1559 2303 1661 2355 autem
1671 2318 1708 2356 aa
1719 2302 1862 2356 intensius

120 2387 123 2395 '
193 2388 422 2455 milriconlosio,
439 2388 461 2441 si
489 2388 567 2459 quod
586 2394 718 2462 exspecto
735 2393 820 2459 tanto,
843 2392 995 2459 desiderio,
1048 2388 1287 2460 diligam,confipe
1301 2392 1394 2445 timore
1409 2397 1454 2444 lua
1469 2393 1546 2445 casto
1568 2407 1664 2443 carnes
1680 2405 1767 2456 meas,
1778 2389 1809 2444 id
1822 2397 1861 2444 cst

195 2477 315 2533 taudem
329 2493 387 2531 non
405 2476 590 2547 attingerem.
607 2477 656 2531 Vel
679 2477 718 2532 sic
731 2496 738 2531 :
752 2478 861 2550 Suscipe
879 2496 930 2549 eae,
944 2483 997 2536 lio·
1046 2476 1171 2532 immitte
1186 2477 1321 2531 timorem
1338 2480 1418 2533 tuum
1433 2483 1543 2532 castum
1559 2478 1701 2533 carnibus
1713 2479 1800 2545 meis,
1813 2494 1860 2549 per

193 2566 283 2633 mine,
300 2564 329 2619 id
350 2568 393 2618 cst
421 2563 602 2636 patrocinare
631 2563 713 2631 milri,
738 2566 914 2622 instituendo
944 2585 994 2637 me,
1047 2565 1370 2636 quemcascoubgas,id
1382 2570 1424 2620 est
1438 2565 1539 2621 itatibi
1551 2566 1723 2638 conjungas
1734 2571 1764 2621 et
1775 2566 1857 2636 sirliji·

192 2653 337 2708 secundum
358 2652 490 2723 eloquium
505 2659 589 2722 tetum,
605 2651 634 2706 id
656 2656 700 2706 est
714 2655 873 2709 secuudum
888 2671 994 2725 praeo—
1045 2653 1114 2721 cias,
1126 2656 1158 2706 ut
1173 2670 1189 2707 a
1203 2657 1230 2707 te
1248 2656 1396 2724 nequeant
1410 2655 1492 2708 avelli
1503 2671 1554 2726 per
1565 2654 1684 2727 aliquas
1697 2655 1854 2725 suggestio·

190 2746 274 2815 ptum
289 2745 382 2796 tuum.
393 2740 475 2804 Quod
485 2743 528 2795 est
538 2741 633 2795 dicere
647 2758 654 2795 :
672 2741 718 2795 Sic
729 2742 799 2797 mibi
812 2745 994 2815 patrocinare
1045 2758 1106 2808 nes,
1122 2758 1139 2795 a
1153 2741 1341 2796 similitudine
1354 2742 1442 2811 illius,
1452 2742 1512 2814 qui,
1524 2742 1626 2814 parieti
1645 2744 1694 2797 vel
1706 2742 1789 2814 ligno
1804 2742 1855 2795 cui·

192 2828 993 2901 utlaciasmemandatumtuumobservare;et,tesusci·
1046 2829 1242 2901 libctallixus,
1267 2847 1327 2884 sese
1352 2847 1469 2886 nrovere
1499 2848 1557 2884 non
1586 2833 1697 2902 potest.
1716 2831 1855 2885 Nonideo

191 2919 289 2992 piente
304 2936 363 2985 me,
377 2918 469 2973 vivam
481 2918 508 2972 in
527 2918 588 2989 ipso
605 2918 730 2990 cloquio,
745 2919 828 2974 idest
841 2922 993 2992 complebo
1045 2917 1114 2971 dicit
1127 2919 1228 2987 eoiifipe
1253 2922 1345 2973 timore
1365 2926 1409 2972 tuo
1428 2936 1521 2972 carnes
1543 2935 1625 2984 meeis,
1642 2919 1725 2990 quod
1742 2935 1810 2973 earo
1824 2918 1854 2971 ti·

190 3008 285 3081 ipsum
300 3006 457 3079 cloquium,
470 3006 547 3077 cpuod
563 3007 618 3060 crit
629 3007 699 3060 milri
713 3008 780 3065 rita.
792 3008 853 3062 Non
864 3010 993 3063 enimvi-
1045 3023 1124 3060 urere
1148 3009 1250 3073 ualeat,
1268 3024 1332 3061 cum
1349 3008 1437 3062 timor
1452 3007 1547 3061 omnis
1575 3008 1611 3061 sit
1627 3008 1657 3061 in
1675 3008 1789 3062 aninia.
1805 3007 1854 3060 Sed

190 3112 288 3151 rerem
310 3095 362 3150 uisi
376 3099 404 3149 te
418 3094 603 3166 suscipiente3
620 3100 648 3148 et
664 3094 703 3148 sic
718 3095 889 3166 suscipiente
913 3101 950 3161 te,
965 3102 1002 3164 et,
1045 3093 1120 3148 idem
1136 3099 1178 3148 cst
1195 3112 1226 3149 ac
1239 3096 1260 3148 si
1276 3096 1314 3148 sic
1331 3095 1428 3149 dicat:
1447 3095 1628 3150 Cumanima
1644 3112 1713 3149 mea
1730 3096 1785 3150 tibi
1797 3112 1856 3149 con·

189 3186 302 3239 vireute
314 3200 374 3250 me,
385 3200 437 3236 raon
447 3183 598 3253 confundas
610 3199 661 3250 me,
678 3184 707 3238 id
720 3187 830 3239 estnon
843 3187 993 3257 permittas
1043 3183 1099 3236 sexa
1112 3183 1148 3236 sit
1159 3184 1316 3237 secundum
1325 3184 1379 3237 vim
1397 3183 1614 3255 rationabilem,
1627 3201 1667 3238 ne
1684 3201 1700 3238 a
1714 3187 1745 3237 te
1760 3200 1853 3237 secun·

183 3272 327 3327 >conlundi
341 3288 399 3338 me,
415 3271 571 3326 alienatum
596 3271 631 3324 ab
647 3275 838 3342 exspectatione
857 3291 925 3332 men.
942 3277 992 3329 Ex·
1044 3270 1112 3324 dum
1125 3273 1254 3325 carnales
1269 3273 1468 3327 sensualitates
1482 3272 1630 3339 dissideat,
1642 3274 1751 3342 ecinfipe
1767 3275 1853 3327 timore

189 3363 287 3430 specto
304 3359 382 3412 enim
408 3374 425 3411 a
441 3361 468 3411 te
484 3357 598 3430 suscipi,
612 3363 640 3412 et
662 3360 701 3414 sie
727 3360 819 3415 rivere
835 3365 992 3418 secuudum
1044 3365 1089 3411 ιιιο
1102 3376 1282 3425 earnesmcas,
1296 3360 1324 3414 id
1343 3364 1386 3414 est
1404 3361 1533 3416 carnales
1548 3361 1757 3415 sensualitates
1770 3378 1852 3415 meas.

189 3446 407 3519 promotionem
416 3448 445 3499 et
458 3447 717 3517 perseverantiam:
731 3452 758 3502 et
768 3449 790 3502 si
799 3450 854 3504 lroc
869 3468 925 3505 uon
936 3453 995 3506 adi·
1047 3447 1129 3512 Quod
1141 3451 1184 3501 est
1197 3449 1308 3502 dicere:
1325 3447 1587 3516 Caufipelimoretuo
1599 3449 1736 3504 animam
1749 3465 1851 3508 mearn,

191 3536 326 3608 pisccrer,
343 3538 372 3590 et
381 3534 586 3602 confunderer,
603 3535 632 3590 id
653 3539 695 3590 est
710 3538 911 3593 erubescerem
926 3539 993 3595 inde
1043 3536 1202 3591 secundum
1218 3538 1347 3590 carnales
1372 3537 1571 3591 sensualitates
1597 3554 1692 3604 meas,
1712 3537 1743 3591 id
1767 3541 1809 3591 cst
1821 3537 1853 3590 sic

190 3626 267 3697 apud
280 3641 327 3680 me
344 3627 372 3678 el
387 3622 583 3678 contristarer.
1043 3624 1093 3678 tibi
1105 3625 1233 3679 animam
1245 3641 1340 3679 meam
1352 3626 1494 3697 conjunge
1503 3629 1532 3679 et
1543 3625 1635 3679 subde
1649 3628 1682 3679 ut
1694 3626 1851 3680 secundam

227 3713 299 3778 Quia
313 3712 435 3768 dicendo
448 3714 547 3782 suscipe
560 3729 618 3780 mc,
632 3714 721 3768 solam
732 3716 856 3786 gratiam
872 3717 933 3786 liei,
947 3718 993 3772 de·
1043 3715 1153 3767 nullam
1163 3715 1309 3768 carnalem
1321 3715 1535 3768 sensualitatem
1547 3713 1598 3767 tibi
1610 3719 1776 3785 repugnet,
1788 3714 1852 3768 scili·

188 3804 348 3869 notaverat,
360 3801 481 3856 denatat
495 3817 609 3872 quoque
624 3801 746 3857 liberum
761 3805 992 3873 arbitrium,cum
1042 3805 1087 3856 cet
1097 3805 1128 3855 ιιι
1139 3804 1166 3855 te
1178 3801 1300 3868 risu,vcl
1315 3801 1425 3868 auditu,
1441 3802 1483 3855 rol
1506 3801 1638 3872 quolibet
1651 3802 1712 3856 alio
1729 3803 1851 3874 corporis

190 3891 229 3946 sie
243 3889 333 3951 addit,
349 3888 404 3948 dixi
422 3908 429 3944 :
445 3887 565 3959 Suscc'pe.
582 3889 644 3944 Non
660 3895 758 3946 autern
771 3891 809 3945 sic
825 3909 875 3948 ora
889 3896 991 3968 suscipi
1042 3907 1125 3944 sensu
1142 3891 1397 3945 criminaliternon
1411 3891 1549 3946 ollendat.
1560 3890 1628 3945 ldeo
1643 3908 1717 3945 vero
1730 3909 1851 3948 oroean-

189 3982 221 4032 ut
234 3977 317 4048 piger
331 3977 397 4042 sim,
420 3980 449 4030 ct
472 3992 505 4029 ex
520 3993 567 4030 rue
583 3977 622 4030 nil
638 3993 735 4048 agam.
752 3978 808 4035 Sed
823 3981 922 4053 adjuea
939 3999 990 4049 rue,
1042 3979 1090 4049 sigi
1106 3980 1211 4034 timore
1227 3984 1275 4034 tuo
1294 3982 1423 4035 carnales
1433 3979 1632 4034 sensualitates
1644 3997 1741 4050 meas,
1755 4001 1772 4034 a
1780 3981 1850 4052 pudi-

189 4064 363 4130 Domine,id
379 4067 499 4117 osteum
516 4080 569 4134 ego
584 4082 618 4119 ex
630 4065 721 4120 libero
736 4067 853 4123 arbitrio
871 4086 922 4140 per
944 4088 991 4125 me
1045 4071 1094 4123 ciis
1112 4071 1182 4123 enim
1208 4071 1260 4122 treis
1285 4071 1362 4125 timui
1376 4069 1518 4135 excidere,
1535 4069 1622 4123 idest
1639 4070 1712 4141 quia
1729 4071 1811 4125 timui
1825 4074 1849 4124 el

190 4151 436 4222 nitar,tu,adjuva
450 4151 543 4222 ipsum
553 4152 676 4207 liberum
687 4154 836 4210 arbitrium
845 4174 877 4210 ex
887 4160 990 4229 gratia,
1042 4157 1230 4212 adlructimeo
1239 4174 1289 4228 par
1299 4161 1428 4214 carnales
1441 4157 1643 4211 sensualitates
1654 4159 1851 4214 meusescidc·

188 4241 270 4297 idest
283 4256 437 4311 cooperare
450 4255 562 4293 mecum
575 4257 581 4307 3
594 4243 622 4294 ct
633 4244 661 4294 te
673 4242 826 4312 adjurante
835 4245 925 4300 sericus
936 4264 989 4315 ere,
1041 4262 1073 4299 re
1088 4262 1105 4299 a
1121 4246 1267 4300 mandatis
1284 4246 1345 4315 tuis¹
1362 4247 1390 4302 id
1408 4250 1451 4300 cst
1465 4262 1482 4299 a
1494 4245 1625 4300 custodia
1638 4249 1848 4303 mandatorum

188 4328 399 4403 perseverando
429 4328 458 4382 in
475 4330 618 4400 praecepto
642 4331 708 4396 tu03
726 4332 767 4385 vel
787 4333 876 4387 salares
903 4352 946 4388 ero
962 4335 990 4390 in
1002 4306 1028 4363 D
1041 4337 1168 4389 tuorum.

190 4419 287 4473 lutura
305 4422 415 4472 aelerna
430 4416 596 4471 salvatione.
615 4419 648 4471 Et
659 4417 680 4470 si
694 4419 835 4488 adjuveris
845 4423 899 4476 boc
914 4425 991 4494 quod
1076 4426 1131 4477 Λιιι
1141 4423 1233 4478 ocellus
1244 4423 1456 4496 interpretatus.
1473 4424 1526 4478 Per
1538 4424 1619 4494 cujus
1630 4423 1852 4500 inscriptionem

186 4506 428 4578 justificatnsero,
443 4505 471 4559 in
487 4506 638 4578 praeceptis
657 4507 712 4560 tuis
727 4508 917 4577 persistendo,
931 4530 989 4569 non
1043 4511 1174 4566 innuitur
1187 4513 1263 4583 quod
1281 4513 1380 4566 lideles
1395 4513 1440 4566 bie
1461 4517 1579 4583 agentes
1598 4514 1721 4569 ocultam
1750 4517 1854 4571 liabent

189 4593 262 4648 mihi
272 4594 426 4647 ascribam:
440 4610 554 4664 semper
563 4595 709 4651 meelitabar
721 4599 751 4652 ia
765 4598 808 4652 bis
813 4599 990 4672 justificatio-

187 4683 266 4736 aidus
275 4684 326 4735 luis
336 4680 485 4751 reputatis,
497 4682 603 4736 scilicet
612 4684 639 4736 in
651 4683 704 4738 boc
717 4686 878 4742 meditabor
891 4673 991 4760 498

188 4786 298 4841 semper,
316 4771 346 4822 ut
369 4769 420 4822 lius
435 4767 653 4839 justificationes
669 4789 726 4826 rron
751 4775 820 4828 milri
838 4777 990 4841 ascribam,

187 4859 237 4914 sed
249 4862 311 4912 tuas
327 4874 387 4912 esse
401 4860 544 4929 reputem.
556 4859 697 4914 ldeovera
709 4877 760 4915 oro
770 4867 921 4937 tantopere
934 4885 991 4921 sus-

186 4947 242 5019 cipi
257 4951 286 5002 et
296 4946 423 5017 adjuvari
440 4962 456 5000 a
472 4950 511 5014 te,
528 4946 564 5000 ad
578 4951 820 5017 perseverandum
831 4953 859 5007 in
871 4955 990 5024 justitiis

187 5035 325 5106 tuis,quia
334 5037 466 5107 sprevisti,
477 5034 502 5089 id
521 5037 689 5105 estspcrnes
698 5036 857 5094 discedentes
876 5043 988 5112 ejusli-

193 5126 235 5178 tiis
252 5124 314 5190 tuis,
330 5122 359 5176 id
384 5124 426 5175 est
452 5138 468 5176 a
482 5121 567 5192 justis
582 5124 733 5196 praeceptis
760 5127 825 5181 tuis.
843 5128 925 5191 Quod
947 5135 989 5186 ost

188 5212 283 5267 dicere
295 5228 301 5265 :
314 5210 380 5265 ldco
390 5209 477 5265 oroin
489 5212 987 5286 preceptisculsjususpersevorare,

192 5317 228 5355 ne
242 5317 289 5354 mc
301 5316 429 5371 spernas,
449 5299 521 5353 sicut
531 5300 709 5355 discedentes
719 5319 735 5355 a
745 5302 829 5373 justis
839 5309 989 5378 praeceptis

188 5389 245 5443 tuis
258 5403 387 5458 spernes,
404 5390 433 5442 et
447 5387 493 5441 bic
512 5389 692 5455 euocanda,
711 5394 739 5444 et
754 5391 783 5444 in
803 5393 899 5449 lutura
910 5397 987 5465 juste

181 5476 349 5548 puniendo.
358 5477 392 5530 Et
401 5474 506 5530 merito
515 5476 633 5547 quidem
642 5494 690 5531 eos
701 5494 827 5549 spernes,
837 5485 901 5553 quia
916 5486 988 5555 iuju-

1042 4604 1125 4654 reclue
1137 4601 1265 4668 rationis,
1276 4602 1346 4654 sicul
1360 4601 1388 4655 in
1403 4601 1545 4672 principio
1559 4602 1698 4657 clausulae
1717 4609 1810 4676 patet,
1827 4606 1852 4658 in

1042 4705 1098 4760 qua
1114 4689 1164 4760 ipsi
1185 4689 1283 4743 fideles
1303 4690 1402 4743 dicunt
1428 4707 1458 4743 se
1481 4689 1623 4759 judicium
1654 4696 1686 4746 et
1709 4693 1852 4763 justitiam

1041 4777 1213 4841 lecisse.0ui
1227 4779 1313 4831 etiam
1326 4782 1390 4848 post
1405 4778 1525 4832 modum
1542 4779 1569 4832 iu
1587 4779 1642 4832 lroc
1656 4782 1769 4836 eadem
1780 4784 1850 4836 elau-

1041 4867 1101 4919 sula
1113 4871 1197 4920 orarit
1207 4871 1237 4920 ut
1247 4869 1319 4921 Deus
1329 4867 1452 4920 eisbunc
1461 4868 1574 4921 oculum
1586 4875 1758 4935 conservet,
1767 4870 1850 4925 susci·

1041 4954 1147 5024 pieudo
1158 4972 1206 5011 eos
1216 4956 1243 5010 in
1253 4957 1374 5023 bonum,
1386 4973 1422 5010 ne
1434 4955 1538 5010 Jnaeis
1551 4956 1592 5010 eis
1603 4957 1852 5015 calumniantibus

1040 5044 1216 5098 conformati
1231 5048 1419 5099 excaecentur.
1434 5045 1604 5115 adjungunt
1619 5063 1744 5119 quoque
1759 5062 1851 5104 causa

1039 5133 1151 5204 plures,
1160 5133 1262 5205 quibus
1274 5133 1468 5204 adipiscantur
1478 5132 1554 5204 quod
1563 5139 1662 5189 eraut.
1676 5136 1747 5192 Herc
1758 5141 1849 5192 auteur

1038 5221 1137 5275 uicinia
1152 5239 1186 5274 aa
1202 5223 1362 5277 intentione
1379 5223 1477 5276 dicunt
1493 5223 1522 5276 ut
1552 5222 1707 5279 auditores
1722 5227 1761 5281 ad
1778 5227 1847 5280 hune

1038 5310 1178 5364 eutrrdem
1193 5312 1308 5365 oculum
1333 5310 1549 5376 babendum,et
1560 5314 1722 5381 postquam
1744 5315 1848 5369 habuc

1046 5398 1116 5463 rint,
1130 5415 1167 5452 ne
1179 5400 1326 5466 amittant,
1340 5399 1376 5453 ad
1393 5399 1535 5453 orandum
1551 5399 1690 5456 inritent.

1080 5487 1148 5542 Feci
1158 5488 1295 5557 judicium
1319 5496 1344 5542 et
1364 5489 1512 5559 justitiam,
1531 5492 1586 5543 etc.
1612 5487 1700 5552 Quod
1729 5493 1772 5547 ila
1790 5508 1848 5546 cum

191 5569 232 5625 sta
247 5564 291 5619 est
304 5565 538 5644 cagitati'aearum.
550 5563 621 5621 Cum
632 5565 750 5641 quidam
763 5569 892 5641 cogitant
905 5574 996 5634 Deum
1039 5576 1238 5652 superioribus
1250 5579 1425 5657 adaptatur:
1438 5577 1510 5647 llixi,
1527 5576 1761 5656 Domine,quod
1774 5581 1849 5638 ‹litesi
