3772 5970
154 243 207 303 487
566 242 596 301 S.
624 242 798 301 sanxonis
821 238 1139 301 cramusuttoauat
1158 239 1392 299 rasururonrs
1765 236 1822 296 lae

154 373 332 446 quapropter
344 387 404 426 uon
424 373 545 426 istorum
569 373 695 435 tantum,
716 369 766 424 sed
781 372 809 423 et
831 368 879 441 qui
896 384 958 422 suc·
969 370 997 429 'A
1009 367 1361 439 Carthasiensispatronus
1368 369 1397 422 et
1408 365 1547 422 fundator
1557 383 1565 435 3
1576 366 1605 421 et
1615 362 1748 438 quamvis
1757 381 1818 420 non

153 464 300 517 cesserunt
326 460 377 527 eis,
400 459 521 513 concilia
542 459 666 513 libenter
687 459 836 529 amplexus
858 460 910 523 est,
931 459 959 510 et
1010 457 1130 528 primus,
1140 460 1237 510 tamen
1251 456 1469 527 quodammodo
1483 455 1643 528 praecipuus
1656 454 1817 509 institutor.

152 550 294 622 usquead
315 553 441 604 mortem
466 548 622 602 Carthasiae
644 547 821 602 habitatores
844 561 961 616 semper
1011 545 1142 600 Feliciter
1157 545 1245 612 igitur
1259 545 1378 599 fundata
1390 547 1419 599 et
1439 545 1573 599 inchoata
1588 543 1641 597 fuit
1656 543 1772 607 domus,
1790 546 1820 596 et

153 639 234 704 fovit,
251 642 281 692 et
299 637 444 692 beneflciis
465 641 494 691 11
509 636 653 703 1111111111;
668 636 734 689 11111
749 651 816 688 1111
831 637 859 688 11
883 633 961 706 prius
1011 635 1082 690 ordo
1099 634 1306 688 Carthasiensis
1321 638 1453 705 tempore
1471 632 1576 687 summi
1592 631 1736 705 pontificis
1749 631 1819 685 Gre-

152 725 243 781 dirini
266 727 374 781 amoris
393 729 470 780 totns
493 726 608 780 arderet
632 722 782 788 incendiis,
803 739 856 776 nec
878 722 962 776 aliter
1011 724 1085 795 gorii
1101 723 1229 795 septimi,
1246 723 1290 777 cui
1303 723 1331 776 in
1349 726 1456 794 papatu
1470 721 1603 776 successit
1615 737 1689 793 papa
1709 720 1819 784 Victor,

156 818 256 870 tamen
288 814 323 868 ad
359 813 516 884 disciplina
545 813 665 868 coelestis
696 811 831 865 exercitia
859 826 960 865 eorum
1012 812 1060 884 qui
1076 812 1158 865 valde
1171 811 1328 877 modicum,
1353 812 1383 866 id
1407 815 1459 874 est,
1482 814 1595 865 tantum
1622 812 1821 864 1111111111

154 903 293 972 exemplis
304 906 332 956 et
346 901 541 955 familiaritate
559 899 708 966 inferbuit,
725 916 812 970 quam
838 898 860 952 si
877 899 960 952 flam·
1013 901 1159 955 mensibus
1173 903 1297 972 quatuor
1310 899 1423 954 circiter
1434 899 1509 953 vixit.
1527 898 1588 962 Quo
1615 899 1745 962 mortuo,
1766 897 1819 951 Ur-

155 993 247 1047 manti
262 991 324 1063 quis
339 990 393 1045 faci
410 991 506 1062 plures
520 990 590 1045 alias
600 990 801 1059 circumponat
815 987 959 1042 ardentes.
1012 989 1104 1044 banus
1117 988 1257 1042 secundus
1270 991 1381 1042 creatus
1396 992 1449 1054 est,
1464 988 1543 1057 eujus
1563 986 1702 1058 magister
1720 987 1819 1040 Bruuo

193 1084 235 1135 ta.
250 1099 265 1132 c
281 1081 347 1133 Erat
358 1095 423 1132 eum
437 1078 477 1132 eis
493 1095 552 1132 non
576 1082 607 1132 ut
630 1078 765 1132 dominus
783 1079 832 1131 aut
851 1076 960 1148 episco-
1011 1078 1090 1148 prius
1104 1080 1265 1148 praeceptor
1275 1077 1368 1130 fuerat
1382 1079 1411 1130 et
1425 1077 1562 1148 magister
1576 1075 1663 1146 (fb).‘

153 1185 216 1240 pus,
235 1168 284 1222 sed
299 1173 331 1222 ut
343 1168 445 1234 socius,
463 1167 512 1220 sed
529 1171 559 1220 ut
571 1167 661 1220 frater
681 1166 860 1219 humillimus
884 1164 961 1218 etad
1050 1165 1230 1219 1511111111
1250 1169 1314 1234 post
1337 1165 1516 1219 creationem
1540 1181 1622 1218 suam
1647 1162 1818 1218 recordatus

154 1261 336 1321 cunctorum,
355 1259 497 1326 quantum
513 1254 543 1308 in
559 1255 619 1326 ipso
638 1257 710 1317 erat,
726 1252 864 1323 obsequia
879 1268 961 1323 para·
1011 1254 1158 1323 sapientia
1172 1257 1200 1306 et
1218 1253 1378 1308 sanctitatis
1391 1257 1420 1308 et
1433 1252 1612 1307 discretionis
1623 1252 1739 1307 eximias
1754 1269 1817 1306 ma·

153 1344 295 1411 tissimus;
312 1344 384 1398 adeo
398 1346 429 1396 11
445 1343 488 1396 111
502 1342 672 1396 venerabilis
692 1341 859 1395 Guillelmus
881 1340 960 1410 prior
1010 1343 1091 1414 gistri
1113 1342 1155 1395 sui
1170 1342 1322 1408 Brunonis,
1338 1341 1437 1395 statim
1459 1341 1595 1412 cogitavit
1612 1357 1680 1394 eum
1697 1340 1817 1407 habere,

153 1435 222 1488 tunc
238 1432 267 1486 S.
286 1431 429 1486 Laurentii
448 1432 513 1499 (15),
535 1434 633 1500 postea
656 1429 684 1484 S.
704 1428 849 1482 Theofridi
871 1429 959 1482 abbas
1010 1434 1042 1484 11
1054 1447 1120 1483 eam
1134 1430 1273 1500 dirigeret
1288 1433 1317 1483 11
1329 1429 1445 1499 juvaret
1464 1429 1500 1483 ad
1521 1430 1697 1500 apostolatus
1716 1428 1819 1483 sollici-

155 1521 294 1591 magistro
309 1519 435 1573 Brunoni
448 1519 536 1572 etiam
550 1518 609 1589 ipse
627 1534 684 1571 non
699 1516 813 1570 modica
823 1516 958 1588 religiosa
1009 1519 1141 1572 tudinem
1156 1521 1184 1571 11
1197 1534 1285 1572 onera
1297 1518 1468 1590 perferenda
1478 1517 1545 1589 (17).
1557 1518 1627 1571 Cum
1643 1517 1817 1589 1111111111-

155 1608 307 1663 devotione
324 1607 466 1678 alligatus,
483 1606 558 1659 beati
584 1606 710 1676 lingonis
726 1609 792 1658 tunc
809 1605 959 1659 contuber-
1008 1607 1084 1661 fatus
1098 1606 1236 1677 magister
1251 1607 1345 1660 Bruno
1355 1607 1418 1676 jam
1432 1623 1479 1659 sex
1502 1605 1585 1659 annis
1600 1621 1732 1660 eremum
1748 1605 1817 1660 Car·

154 1698 227 1752 natis
239 1697 310 1767 (bini
324 1695 429 1767 quippe
455 1712 506 1766 per
524 1695 650 1765 singulas
665 1694 836 1749 habitabant
851 1694 958 1763 111111),
971 1708 996 1765 Β
1010 1696 1112 1750 thasiae
1128 1694 1324 1760 inhabitasset,
1342 1698 1370 1747 11
1386 1695 1502 1748 vocatus
1519 1693 1555 1747 ad
1580 1693 1692 1747 curiam
1711 1694 1818 1748 Roma-

154 1786 230 1860 apud
247 1785 418 1855 magistrum
434 1784 599 1837 Brunonem
614 1800 672 1837 uon
684 1783 785 1836 feriter
800 1799 958 1853 conquere-
1011 1800 1091 1849 nam,
1110 1786 1258 1855 oporteret
1280 1799 1346 1836 eum
1360 1799 1476 1837 summo
1490 1780 1617 1853 pontifici
1638 1781 1770 1848 obedire,
1790 1785 1819 1835 11

152 1880 233 1932 11111
246 1873 324 1945 quod
338 1889 413 1944 pene
428 1872 527 1926 omnia
539 1873 574 1926 ad
591 1871 786 1925 humilitatem
799 1871 960 1943 spectantia
1010 1872 1135 1926 filiorum
1152 1887 1269 1926 suorum
1292 1871 1486 1925 cellicolarum
1500 1869 1669 1924 societatem
1692 1869 1819 1940 gratissi·

151 1961 229 2017 intra
242 1963 343 2016 cellam
358 1960 528 2032 praeriperet
542 1960 636 2014 officia
653 1960 812 2031 episcopus,
832 1976 890 2013 non
904 1962 959 2013 sal·
1011 1977 1101 2024 marn,
1117 1961 1220 2014 saltem
1232 1960 1268 2013 ad
1283 1962 1408 2030 tempus,
1426 1958 1569 2023 deserere,
1584 1957 1638 2027 ipsi
1650 1957 1759 2012 subditi
1775 1957 1818 2012 sui

152 2055 212 2106 tem
228 2067 324 2105 secum
345 2052 375 2103 ut
392 2048 493 2114 socius,
512 2048 561 2102 sed
582 2048 676 2119 potius
692 2051 910 2102 conversaretur
930 2050 960 2101 ut
1011 2050 1091 2102 tanto
1107 2052 1173 2101 sunt
1186 2051 1304 2120 propter
1328 2047 1381 2100 hoc
1403 2047 1502 2101 dolore
1521 2045 1661 2112 concussi,
1686 2049 1716 2100 11
1737 2049 1820 2100 tanta

152 2139 286 2194 famulus.
1011 2136 1125 2191 tristitia
1141 2137 1311 2208 perturbati,
1328 2136 1404 2207 quod
1421 2135 1540 2189 onrnino
1560 2135 1648 2189 eliam
1669 2134 1722 2206 ipsi
1745 2134 1821 2189 dixe·

190 2231 232 2281 ta.
248 2228 306 2280 1111
322 2228 436 2279 tantum
450 2226 547 2278 autem
562 2239 693 2278 eremum
716 2223 835 2277 devotus
852 2223 958 2277 incole·
1009 2228 1088 2292 runt,
1100 2242 1129 2278 se
1146 2224 1325 2278 nullomodo
1341 2223 1369 2277 in
1384 2223 1533 2278 Carttrusia
1551 2240 1713 2288 mansuros,
1726 2223 1750 2277 si
1759 2239 1820 2277 eos

152 2315 202 2370 bat
217 2318 245 2369 et
263 2314 386 2378 sedulus,
402 2316 433 2366 ut
454 2330 520 2367 eum
541 2312 679 2383 magister
695 2312 790 2367 Bruno
807 2329 865 2366 non
884 2329 958 2366 nun·
1010 2312 1077 2367 dem
1098 2313 1250 2379 accideret,
1274 2316 1334 2366 tarn
1356 2311 1510 2366 dulcissimi
1531 2315 1560 2364 et
1575 2310 1753 2366 dilectissimi
1770 2312 1820 2366 Pa·

153 2420 239 2477 quam
257 2403 333 2457 exire
359 2403 556 2473 compelleret,
581 2402 632 2467 lte,
650 2400 757 2466 dicens,
775 2401 812 2454 111
834 2400 871 2454 ad
893 2417 960 2454 oves
1011 2401 1062 2456 tris
1075 2401 1170 2455 orbari
1182 2399 1335 2471 prasentia
1350 2403 1379 2454 et
1393 2400 1574 2470 providentia
1587 2399 1715 2470 spoliari.

151 2498 269 2558 vestras,
284 2491 391 2562 eisque,
402 2490 480 2562 quod
495 2490 615 2554 debetis,
631 2488 761 2542 exolvite.
775 2490 813 2544 Eo
826 2492 959 2559 tempore
1048 2493 1089 2543 16.
1107 2489 1238 2560 Magister
1252 2488 1339 2559 igitur
1351 2489 1445 2543 Bruno
1457 2493 1576 2561 propter
1589 2489 1673 2542 istam
1688 2488 1818 2543 1111111111

154 2598 268 2651 magnae
281 2578 457 2652 paupertatis
473 2581 502 2631 et
514 2576 795 2632 humititatisardore
809 2592 960 2631 succensos
1010 2578 1218 2632 desolationem
1233 2593 1291 2631 non
1308 2577 1407 2631 leviter
1421 2577 1576 2642 desolatus,
1588 2575 1762 2631 obedientias
1778 2579 1820 2630 ta·

153 2669 408 2740 dictusepiscopus
435 2667 523 2721 votuit
550 2666 729 2738 equitaturas
756 2683 821 2720 suas
844 2671 960 2720 cunctas
1009 2682 1077 2720 men
1097 2666 1227 2720 debitum
1243 2665 1571 2738 summopontiflcinon
1587 2666 1817 2720 volensnecva-

151 2758 286 2823 vendere,
304 2756 383 2810 etde
407 2755 533 2824 ipsarum
557 2755 650 2824 pretio
672 2755 844 2825 pauperibus
860 2773 960 2827 eroga·
1009 2755 1157 2809 lenslirite
1173 2754 1329 2825 denegare,
1355 2771 1390 2807 no
1411 2755 1489 2808 locus
1511 2753 1679 2821 carthusiae,
1705 2753 1817 2809 111111-

152 2862 194 2911 11,
210 2845 389 2916 propriisque
405 2843 526 2915 pedibas
540 2843 568 2895 in
593 2843 795 2914 predicatione
817 2843 957 2899 discurre·
1009 2844 1079 2898 cotis
1095 2843 1256 2909 derelictus,
1271 2843 1308 2896 ad
1332 2843 1468 2913 profanas
1489 2845 1518 2896 et
1540 2842 1674 2914 indignas
1697 2858 1816 2909 manus,
1869 2863 1877 2877 ·

152 2948 201 2999 re;
218 2932 268 2986 sed
295 2932 383 2986 homo
404 2930 539 3002 profundi
567 2931 661 2985 cerdis
689 2931 828 3002 magister
851 2933 956 2998 Bruno,
1009 2936 1138 2987 autusus
1162 2932 1341 2986 secularium
1369 2931 1526 2994 deveniret,
1551 2947 1644 3002 ipsum
1668 2930 1817 2986 Casae-Dei

151 3021 232 3091 cujus
245 3019 371 3075 consitiis
386 3035 444 3073 non
461 3018 544 3073 aliter
567 3036 654 3090 quam
675 3019 826 3090 preceptis
843 3020 957 3073 obtem·
973 2990 1115 3085 Cabbati,
1141 3020 1190 3091 qui
1210 3020 1304 3074 fuerat
1326 3037 1398 3073 unus
1414 3020 1450 3073 de
1474 3019 1574 3091 primis
1598 3019 1814 3085 fundatoribus,

152 3108 272 3182 perabat
286 3107 407 3172 abbatis,
424 3124 482 3161 non
496 3107 650 3173 consensit,
664 3106 770 3161 timens
782 3125 818 3161 ne
836 3107 913 3179 apud
928 3124 957 3161 se
1008 3109 1084 3164 facta
1096 3108 1252 3162 donatione
1267 3110 1296 3162 et
1318 3107 1455 3173 cessione,
1475 3106 1601 3178 reliquit,
1618 3107 1752 3163 confecto
1767 3125 1815 3161 su·

152 3197 187 3252 de
203 3198 257 3251 hoc
272 3197 392 3251 forsitan
418 3196 611 3261 extolleretur,
627 3199 676 3250 aut
691 3213 708 3249 a
723 3195 832 3250 caeteris
850 3196 885 3249 de
899 3195 956 3249 sin·
1008 3215 1060 3271 per
1072 3199 1126 3253 hoc
1142 3198 1167 3252 ei
1182 3199 1294 3268 publico
1311 3198 1505 3252 instrumento
1519 3200 1585 3266 (18).
1602 3197 1713 3252 Deinde
1727 3214 1815 3252 vene·

106 3296 110 3305 '
152 3286 305 3355 gularitate
316 3284 493 3354 judicaretur
509 3283 659 3355 episcopis,
677 3284 822 3354 aut,quod
837 3283 957 3338 dubium
1007 3287 1105 3341 rabitis
1129 3288 1222 3352 Pater,
1247 3287 1283 3341 ad
1310 3302 1457 3340 summum
1487 3287 1656 3357 pontificem
1683 3286 1814 3353 veniens,

152 3389 211 3427 non
228 3376 299 3437 erat,
316 3373 345 3425 id
374 3372 466 3443 ipsum
494 3375 613 3443 propter
638 3372 821 3443 asperitatem
846 3371 955 3426 1111111-
1008 3375 1102 3428 eidem
1127 3391 1184 3428 non
1211 3375 1310 3445 longo,
1330 3374 1381 3428 sed
1405 3373 1482 3427 brevi
1509 3376 1641 3444 tempore
1667 3374 1814 3441 assistens,

152 3461 320 3533 qualitatem
337 3476 539 3513 consummare
557 3476 614 3513 non
631 3463 725 3529 posset
741 3457 888 3513 itinerum.
906 3479 921 3511 ›>
1006 3462 1141 3529 consitiis,
1153 3462 1817 3534 etauxiliissalutaribusejusmuttaonerasup

190 3551 231 3603 11.
249 3548 353 3603 Omnia
366 3547 503 3620 praedicta
520 3552 585 3601 sunt
601 3547 687 3601 verba
703 3547 804 3601 domni
819 3548 956 3619 Guigonis
1006 3552 1307 3622 partabat,et1nuttum
1315 3551 1344 3604 in
1352 3550 1662 3621 regiminesanctaellei
1670 3552 1813 3618 Ecclesiae,

150 3637 255 3708 scripta
265 3635 293 3691 in
310 3636 405 3689 VilaS.
418 3635 953 3709 lingonisGratianopolitaniepiscopi,
1005 3639 1066 3710 ejus
1079 3639 1302 3693 sollicitudinem
1323 3656 1374 3693 sua
1389 3641 1617 3711 promptitudine
1633 3641 1812 3695 sublevabat.

150 3743 214 3800 quae
230 3726 275 3781 hic
290 3726 444 3779 inserenda
452 3725 654 3794 judicavimus,
665 3724 732 3796 quia
744 3725 772 3778 iu
785 3725 825 3779 eis
834 3725 955 3797 111-111111-
1042 3730 1084 3781 tr.
1102 3728 1155 3782 Diu
1170 3731 1270 3781 tamen
1286 3728 1429 3797 patienter
1450 3728 1629 3783 dissimulare
1645 3744 1704 3783 non
1718 3729 1814 3799 potuit

150 3816 197 3871 dia
213 3815 389 3870 fundationis
405 3814 560 3868 Carthasim
572 3814 765 3880 declarantur,
783 3815 811 3867 et
824 3815 954 3886 magistri
1005 3816 1162 3882 tristitiam,
1171 3816 1336 3870 etdolorem
1348 3821 1518 3887 conceptum
1529 3818 1564 3872 de
1572 3834 1691 3872 suorum
1702 3819 1813 3889 disper·

149 3904 290 3960 Brunonis
314 3903 482 3957 excellentia
503 3902 656 3956 innotescit
685 3906 714 3956 et
738 3902 767 3956 in
795 3902 859 3969 hoe,
877 3904 954 3974 quod
1004 3903 1084 3959 sione
1100 3905 1237 3970 filiorum,
1254 3908 1283 3958 11
1298 3905 1469 3975 strepituset
1485 3905 1738 3973 tumultusacuriae,
1753 3907 1811 3961 im·

148 3993 242 4048 eidem
260 3996 320 4045 tarn
330 3991 513 4057 venerabilis,
530 3994 590 4044 tam
606 3992 720 4042 sanctus
730 3989 952 4061 episcopuscum
1004 3993 1152 4065 pedientes
1166 3992 1349 4047 dulcedinem
1366 3997 1395 4046 11
1408 3993 1613 4066 quietemque
1626 3994 1682 4049 frui
1696 3994 1811 4067 etpasci

101 4152 105 4157 ,
148 4083 230 4133 tanta
243 4078 414 4142 reverentia,
428 4077 465 4130 sic
478 4077 622 4130 ferventer
632 4076 815 4130 ethumititer
827 4078 953 4133 111111111-
1004 4081 1032 4135 11
1049 4097 1147 4135 eremo
1172 4084 1366 4147 consueverat,
1388 4081 1514 4152 graviter
1540 4082 1636 4137 ferens
1657 4086 1686 4136 et
1702 4083 1811 4138 diutius

148 4167 245 4234 bat,et
259 4182 323 4218 curn
339 4164 441 4218 eodem
453 4162 681 4235 veredicipotest
691 4163 793 4217 donius
808 4165 953 4222 etordinis
1003 4169 1078 4223 ferre
1095 4186 1151 4223 non
1170 4168 1322 4235 sustinens,
1339 4169 1468 4239 exposita
1483 4187 1597 4224 summo
1610 4169 1741 4241 pontifici
1756 4189 1809 4226 sua

185 4274 239 4342 (15)
255 4270 331 4325 Cella
347 4274 389 4324 est
404 4286 453 4323 seu
468 4268 610 4339 prioratus
625 4269 653 4322 in
670 4270 747 4324 urbis
767 4272 952 4344 Gratianopo-

147 4343 245 4398 litance
262 4340 409 4406 suburbio,
424 4357 440 4394 a
458 4355 525 4393 mox
539 4340 584 4393 1111
597 4340 724 4409 subjecto
747 4339 775 4395 S.
795 4343 949 4409 Theofridi,

147 4413 183 4468 de
195 4430 252 4483 quo
263 4411 455 4483 operisnostri
473 4415 544 4464 tom.
556 4411 691 4480 ldprilis,
706 4427 775 4535 pag.
792 4415 836 4476 11,
853 4414 880 4467 in
897 4418 952 4470 hn-

148 4483 253 4539 ontatis
266 4482 302 4538 ad
318 4483 360 4537 lit.
376 4482 403 4546 d,
419 4481 595 4535 monasterio
611 4482 703 4553 depen
726 4499 793 4536 ens·
804 4485 888 4555 liujus
905 4504 951 4540 au-

146 4557 207 4608 tem
221 4570 236 4607 1
252 4554 330 4607 cellae
346 4552 420 4606 iltius
433 4552 528 4622 priore
548 4556 646 4621 postea
669 4553 758 4606 abbas
776 4555 822 4608 hic
838 4572 949 4611 memo-

146 4627 226 4679 ratus
240 4624 417 4689 Gailtelmus,
431 4623 497 4676 licet
510 4622 597 4676 vitam
611 4623 791 4677 eremiticam
813 4642 863 4680 seu
887 4628 952 4682 soli-

145 4696 250 4750 tariam
262 4694 291 4748 in
305 4694 454 4748 Carthasia
468 4709 533 4747 11111
547 4694 665 4764 lingone
679 4697 708 4748 ct
721 4696 950 4752 Brunoneduxe·

147 4766 194 4832 rit,
211 4770 365 4837 propterea
379 4769 476 4819 tamen
492 4780 550 4818 non
567 4765 669 4835 magis,
686 4781 773 4845 qnam
789 4767 949 4836 (111111111-

145 4836 190 4891 nis
203 4837 280 4891 hisce
296 4835 406 4890 Sanctis
423 4835 625 4889 Carthusianas
639 4837 753 4890 exstitit.
764 4837 817 4892 Adi
830 4839 950 4895 Galliam

145 4908 337 4964 Christianam
353 4910 466 4961 auctam
483 4908 555 4959 tom.
573 4907 605 4973 u,
621 4907 675 4960 col.
691 4909 752 4961 766.

182 4979 237 5050 (16)
258 4978 339 5033 Prior
358 4995 373 5032 e
395 4977 486 5031 tribus
498 4976 574 5030 hisce
590 4977 772 5046 pontificibus
787 4996 865 5034 anno
882 4984 948 5037 1085

144 5049 263 5104 excessit
287 5065 303 5103 1
329 5047 406 5114 vivis,
432 5062 567 5116 cumque,
589 5046 638 5117 qui
663 5047 688 5101 ei
708 5048 949 5108 fueratsutlectns

1037 4275 1091 4344 (17)
1108 4274 1201 4328 Fuisse
1226 4273 1363 4329 Sanctum
1383 4276 1418 4329 ab
1441 4276 1556 4331 Urbano
1580 4276 1603 4330 11
1618 4293 1694 4349 papa
1709 4293 1725 4331 1
1741 4277 1809 4334 Car-

1002 4345 1095 4400 1111111
1110 4349 1269 4410 evocatum,
1293 4362 1308 4400 e
1330 4346 1490 4417 primorum
1512 4350 1635 4418 quatuor
1650 4349 1809 4404 Carthasiae

1001 4417 1131 4487 priorum
1145 4418 1323 4486 chronologo
1339 4418 1415 4487 apud
1436 4418 1581 4472 Labbeum
1593 4421 1664 4473 tom.
1677 4421 1687 4473 1
1702 4418 1808 4475 biblio·

1000 4486 1539 4559 111111111111111111111111111638
1550 4489 1808 4558 indubitatumest,

1001 4558 1041 4612 uti
1057 4559 1145 4612 etiam
1160 4559 1337 4625 Brunonem,
1353 4562 1509 4630 antequam
1526 4559 1554 4613 id
1575 4559 1666 4623 fieret,
1683 4561 1808 4616 6111111-

1000 4628 1083 4695 siaiu,
1107 4629 1146 4682 uti
1164 4644 1231 4682 mox
1246 4628 1290 4681 hic
1303 4629 1443 4697 subditur,
1456 4630 1560 4684 rexisse
1580 4647 1626 4684 sex
1642 4631 1741 4698 aunis3
1759 4649 1808 4686 ve-

1000 4716 1065 4753 rum
1082 4700 1270 4771 posteriorem
1286 4715 1320 4752 ex
1344 4699 1419 4753 hisce
1436 4717 1494 4755 non
1511 4717 1563 4772 pro
1579 4703 1734 4771 completo,
1755 4703 1808 4757 sed

1000 4787 1052 4843 pro
1073 4771 1249 4842 incompleta
1277 4769 1415 4824 duntaxat
1440 4772 1607 4825 habendum
1629 4788 1701 4837 esse,
1721 4772 1807 4828 facilc

1022 4842 1119 4911 uisque
1133 4841 1249 4908 colliget
1262 4856 1294 4892 ex
1309 4841 1422 4912 iisquce
1438 4847 1452 4909 §
1464 4843 1526 4895 xxx
1542 4843 1577 4895 de
1591 4847 1733 4914 tempore,
1746 4851 1806 4916 qno

1000 4857 1120 4967 Sanctus
1134 4912 1170 4966 ad
1186 4911 1333 4965 Urbanum
1353 4913 1375 4965 11
1396 4929 1502 4983 paoem
1521 4913 1648 4978 accessit,
1672 4913 1804 4971 disserui.
1852 4919 1857 4929 '

1036 4984 1090 5052 (18)
1103 4985 1140 5037 111
1157 4982 1349 5036 instrumento
1370 4983 1434 5049 hoc,
1455 4999 1507 5054 per
1522 4982 1551 5037 S.
1576 4985 1740 5039 Brunonem
1757 4985 1807 5040 Se-

999 5054 1098 5125 gnino,
1125 5053 1304 5107 celeberrimi
1335 5053 1462 5109 dioecesis
1491 5055 1736 5110 Claromontensis
1775 5057 1805 5112 in

145 5135 311 5190 nomenque
340 5140 353 5169 a
375 5117 495 5172 Victoris
516 5122 719 5187 assumpserat,
743 5138 759 5170 ›>
788 5120 949 5179 Desiderius
997 5123 1130 5179 Alvernia
1157 5123 1323 5178 monasterii
1349 5125 1493 5179 Casa-[lei
1518 5126 1624 5189 abbati,
1652 5125 1700 5206 qui
1724 5131 1806 5183 reete

144 5188 551 5254 111116171111111111111111,
577 5188 613 5241 ad
635 5188 663 5241 S.
686 5189 760 5242 Petri
780 5192 947 5248 cathedram

145 5263 258 5314 evectus
275 5259 394 5313 tandem
415 5261 458 5312 est
480 5257 545 5312 Otto
566 5275 615 5312 111
642 5258 713 5325 Odo,
735 5260 782 5330 qui
803 5262 908 5317 Urbani
924 5267 946 5319 11

144 5346 252 5384 nornen
269 5329 387 5399 accepit,
408 5328 514 5450 quique
530 5328 558 5382 S.
577 5330 709 5382 llrunone
730 5331 824 5385 Remis
840 5335 946 5405 magis-

144 5402 189 5454 tro
211 5415 277 5452 usus
297 5400 411 5471 aliquan
435 5416 451 5452 ο

144 5469 249 5539 praevio
267 5486 346 5524 nuni.
361 5471 395 5524 96
410 5468 532 5522 ostendi.

998 5196 1052 5260 hic,
1071 5195 1318 5266 quemadmodum
1338 5196 1465 5249 recitatae
1481 5200 1684 5250 commentarii
1704 5199 1803 5269 praevii

998 5284 1078 5320 111111.
1093 5269 1184 5320 56311
1198 5265 1272 5345 binis
1285 5282 1364 5346 seqq.
1380 5266 1544 5346 (feriationis
1561 5267 1716 5322 carthusiae
1727 5267 1805 5323 litte-

997 5354 1035 5391 111
1049 5338 1135 5391 fidem
1152 5338 1297 5401 lactante
1314 5353 1414 5407 prnnis
1429 5338 1512 5407 hujus
1525 5337 1712 5392 donatoribus
1725 5355 1802 5394 unus

480 5398 574 5452 fuerat
599 5400 639 5453 uti
669 5400 698 5453 in
729 5401 945 5460 Commentario
996 5408 1133 5461 exstitisse
1154 5407 1267 5472 dicitnr,
1291 5423 1435 5472 concesso,
1458 5409 1503 5462 adi
1539 5411 1702 5462 tlornment.
1726 5427 1800 5483 prae.-

997 5479 1072 5532 vium
1087 5495 1168 5532 num.
1187 5481 1238 5534 513
1253 5481 1281 5532 11
1292 5478 1365 5532 binis
1379 5495 1458 5550 seqq.
