3772 5976
89 278 142 344 sla
877 288 967 348 ACTA
1701 286 1753 364 540

87 411 218 484 primum
233 412 365 469 habitare
379 411 465 485 coepit
477 431 543 469 eum
554 415 649 481 sociis,
663 416 775 483 eccidit,
790 417 849 471 [teo
865 415 896 470 id
912 419 1010 477 Asem
1027 417 1159 491 Sergium
1170 420 1695 501 nationeGraeum,principemsuper
1705 429 1755 486 du·

89 499 245 566 efficiente,
263 504 293 555 ut
304 501 430 573 quedam
443 503 490 556 die
501 503 640 574 liegerius
655 521 751 559 comes
762 503 899 558 Calabria
950 510 1049 560 centos
1064 509 1225 580 armigeros
1240 511 1367 566 nationis
1385 529 1454 578 suar,
1472 516 1500 567 et
1516 516 1655 571 exercitus
1670 534 1754 573 excu-

88 590 175 660 (219),
187 607 252 644 cunr
261 606 536 663 nenparvosuorum
549 609 636 664 grege
653 598 681 647 et
692 596 783 648 multa
794 609 899 648 itanum

88 679 898 750 frequentiaincedernsolitudinevenatieniincumbens,

89 771 128 825 ad
143 787 210 825 curn
226 771 333 835 locum,
350 786 440 843 quem
454 770 506 824 sibi
518 771 703 827 incolendum
717 773 901 843 sumpserant

88 859 162 914 servi
178 859 240 926 lici,
274 859 360 914 totius
375 860 418 913 rei
433 861 545 915 nescius
568 861 742 931 perveniret.
759 861 811 915 Ubi
834 877 899 915 cnm

88 948 324 1020 canessagaciter
340 948 451 1003 diversa
474 950 602 1005 terarum
621 950 739 1022 vestigia
769 952 899 1022 explora·

88 1040 166 1101 rent,
187 1037 322 1105 adcasas,
336 1037 364 1091 in
381 1037 484 1109 quibus
496 1038 596 1094 beatus
613 1041 707 1094 Bruno
724 1056 790 1093 cum
801 1039 899 1094 iratri-

89 1127 144 1181 bus
154 1126 602 1194 commorabatur,accurrerunt,
616 1133 701 1200 atque
712 1128 899 1199 iiiic,iuispe·

89 1215 185 1282 dibus,
203 1230 309 1286 magno
322 1216 428 1269 latratu
443 1215 609 1271 indicabant
630 1217 749 1271 domino
762 1234 823 1283 sno,
842 1217 901 1289 opi·

89 1318 172 1357 mam
187 1319 216 1357 se
227 1303 366 1374 reperisse
380 1303 520 1374 predam.
542 1303 653 1371 Comes,
667 1304 696 1358 id
709 1305 899 1377 conspicatus,

92 1391 171 1445 ocius
186 1407 251 1445 cum
263 1391 319 1445 suis
333 1392 458 1458 advolat,
471 1391 591 1446 offendit
608 1394 705 1448 Patres
721 1394 785 1448 iilos
795 1394 825 1448 in
839 1410 900 1464 spe

90 1479 183 1534 iuncis
196 1479 254 1534 suis
268 1481 349 1534 ilexis
363 1481 495 1551 genibus
513 1481 670 1554 erectisque
688 1482 825 1538 incoeium
840 1485 898 1537 vul-

90 1562 168 1615 tibus
183 1579 216 1615 ac
231 1562 366 1616 manibus
381 1562 464 1616 simul
476 1566 593 1617 orantes
609 1568 637 1617 el
653 1564 899 1620 laudantesDeum

91 1650 899 1726 (220).Tumilie,magnaadmirationereplclus,abequo,

950 595 1061 650 biarum
1077 599 1262 669 magistrum,
1284 602 1331 672 qui
1350 601 1672 676 Salanicapersuasione
1682 624 1757 677 prm·

949 688 1058 751 ventus,
1076 687 1154 756 prius
1166 687 1219 759 ipsi
1232 689 1352 760 principi
1365 690 1480 763 Capuae,
1498 693 1679 762 promittenti
1695 695 1757 751 auri

950 789 1008 827 non
1036 775 1182 830 modicam
1207 778 1411 848 quantitatem,
1432 780 1468 835 ad
1493 781 1688 837 invadendum
1709 799 1757 840 me

951 877 1106 933 meumque
1124 864 1291 933 exercitum,
1308 871 1397 921 noctu
1412 867 1522 922 aditum
1531 868 1699 940 pollicicitus
1715 873 1759 927 est

950 967 979 1002 se
995 952 1136 1020 praebere.

986 1041 1031 1093 et.
1056 1039 1115 1094 Nox
1137 1041 1310 1111 proditionis
1337 1043 1467 1112 advenit;
1493 1045 1627 1118 princeps
1653 1048 1757 1120 Capuae

951 1128 1068 1200 ejusque
1089 1131 1230 1185 exercitas
1242 1133 1323 1202 juxta
1338 1135 1513 1204 promissum
1535 1141 1577 1191 est
1590 1141 1705 1207 paratus
1720 1138 1758 1194 ed

951 1232 1042 1280 arma,
1058 1218 1185 1290 dumque
1199 1236 1246 1273 rne
1262 1223 1358 1291 sopori
1372 1223 1525 1287 dedissem,
1541 1225 1691 1296 interjecto
1704 1226 1757 1281 ali·

950 1310 1058 1376 quanto
1072 1308 1165 1362 noctis
1180 1309 1283 1379 spatio,
1297 1310 1386 1365 astitit
1397 1312 1483 1367 cubili
1495 1329 1560 1367 meo
1577 1314 1695 1386 quidam
1716 1331 1758 1371 se·

950 1410 1004 1449 nex
1020 1397 1170 1450 reverendi
1186 1399 1288 1466 vuitus,
1316 1399 1440 1454 vestibus
1454 1401 1556 1468 scissis,
1586 1419 1644 1457 non
1660 1404 1757 1459 veiens

950 1485 1091 1555 iacrymas
1107 1487 1265 1541 continere.
1285 1489 1409 1542 Caicum
1425 1488 1454 1543 in
1467 1489 1674 1559 visudicerem,
1692 1508 1756 1564 quer

950 1588 1034 1626 eausa
1049 1574 1175 1644 ploratus
1188 1578 1217 1629 et
1230 1575 1423 1647 lacrymarum
1439 1582 1524 1641 esset,
1540 1579 1614 1633 visus
1629 1581 1672 1634 est
1685 1580 1756 1636 mihi

951 1661 1048 1715 durius
1069 1662 1232 1734 lacrymari.
1252 1666 1357 1720 iterato
1368 1666 1508 1736 quaerenti
1525 1667 1607 1729 mihi,
1624 1667 1686 1738 quis
1712 1685 1755 1723 es·

90 1739 137 1793 cui
150 1738 303 1804 insidebat,
318 1739 422 1805 desilit,
446 1740 491 1810 pie
508 1743 537 1794 el
553 1741 674 1796 comiter
694 1741 757 1796 ilios
785 1744 898 1810 salutat,
912 1760 938 1820 Β
950 1754 992 1804 set
1011 1752 1139 1822 ploratus
1154 1751 1192 1805 sic
1214 1752 1263 1806 ait:
1286 1753 1352 1807 Fleo
1381 1753 1494 1807 animas
1517 1754 1756 1825 Christianorum,

90 1844 149 1899 qua
164 1844 249 1882 causa
259 1828 514 1895 eoadveneriut,et
524 1847 588 1900 quae
604 1831 748 1885 eorumsit
760 1832 898 1902 conditio,
951 1844 1035 1911 teque
1054 1855 1119 1894 eum
1136 1839 1191 1894 iliis
1206 1841 1301 1895 simut,
1311 1842 1435 1913 Exsurge
1445 1842 1757 1913 quamprimum‚sum0

90 1921 208 1970 &curtile
223 1916 374 1987 perquisii-
400 1918 556 1988 P⁰³itl¹1³¹11
569 1935 601 1972 ex
618 1918 652 1971 iis
667 1918 766 1973 didicit
789 1921 899 1988 omnia,
951 1945 1042 1996 arma,
1063 1929 1086 1984 si
1102 1931 1227 1985 liberare
1246 1934 1273 1985 te
1294 1933 1367 1985 Deus
1387 1931 1561 2002 permiserit,
1582 1935 1757 2005 tuorumque

91 2004 224 2077 impense
238 2005 351 2059 laetatus
364 2010 417 2068 est,
433 2007 555 2061 laudans
571 2012 600 2062 et
619 2009 783 2079 glorificans
797 2013 899 2080 licum,
951 2018 1062 2072 animas
1077 2021 1282 2090 pugnatorum.
1299 2019 1587 2090 llicmihipertoium
1595 2021 1756 2091 videbatur,

90 2094 140 2166 qui
152 2094 302 2165 laliipsum
319 2095 418 2167 praeda
431 2095 551 2167 dignum
563 2097 728 2168 judicasset.
951 2108 1027 2161 velut
1043 2107 1064 2161 si
1075 2112 1148 2161 esset
1163 2124 1214 2179 per
1229 2108 1328 2162 omnia
1345 2108 1515 2162 venerabilis
1541 2111 1623 2179 pater
1651 2109 1757 2165 Bruno.

128 2185 173 2238 39.
191 2182 384 2237 Persuadebat
394 2184 473 2238 enim
484 2185 548 2247 sibi,
564 2203 658 2258 neque
683 2188 711 2241 id
728 2192 847 2251 temere,
871 2205 901 2243 se
952 2195 1442 2266 Expergeiaetnssumcumterrore
1456 2195 1570 2267 grandi,
1584 2197 1759 2268 provisione

90 2274 259 2342 terramque
275 2288 356 2326 suam
372 2288 472 2327 eornm
487 2273 597 2328 meritis
623 2279 652 2328 et
676 2277 806 2346 precibus
825 2277 902 2348 apud
951 2299 1114 2353 pavescens.
1127 2283 1204 2338 illico
1215 2285 1322 2356 sumpsi
1337 2301 1429 2351 erma,
1453 2286 1580 2339 clamans
1610 2284 1757 2354 militibus,

91 2361 183 2415 licum
200 2360 330 2432 adjutum
344 2365 373 2415 et
383 2362 413 2415 in
423 2378 493 2433 pace
507 2367 708 2418 conservatum
721 2364 902 2436 irihtqueea
953 2375 983 2424 nt
996 2372 1099 2426 armati
1115 2389 1204 2444 equos
1217 2373 1456 2439 conscenderent,
1479 2373 1630 2439 visionem,
1654 2374 1676 2428 si
1691 2390 1759 2431 vera

90 2466 187 2518 causa,
199 2454 231 2504 ut
244 2454 362 2521 possent
372 2450 427 2505 iilic
443 2451 567 2523 quietius
578 2452 671 2506 vivere
687 2455 716 2506 et
728 2452 903 2523 diutiusper·
953 2463 1035 2526 esset,
1052 2463 1186 2530 satagens
1200 2461 1401 2534 comprobare.

91 2555 223 2606 manere,
237 2538 316 2593 dedit
331 2539 371 2593 eis
387 2541 536 2594 ecclesiam
548 2540 659 2595 Sanctae
674 2541 768 2595 itariae
783 2545 812 2595 ct
822 2541 901 2596 nean
990 2550 1034 2602 4¹2.
1054 2572 1066 2598 a
1077 2549 1120 2603 lid
1132 2566 1219 2621 quem
1234 2550 1385 2622 strepitum
1399 2554 1427 2604 et
1437 2551 1604 2623 clangorem
1616 2551 1760 2624 fugientes

91 2628 230 2700 Stephani
245 2628 280 2683 de
296 2645 395 2683 eremo
410 2631 494 2703 tert).
507 2631 634 2685 Ubisane
645 2632 733 2686 ctiam
744 2631 902 2687 crebroeos
953 2628 1058 2700 impius
1084 2628 1200 2700 Sergius
1228 2630 1346 2702 ejusque
1374 2648 1510 2703 sequaces
1532 2632 1673 2687 subsecuti
1693 2635 1760 2688 sunt

92 2716 199 2783 invisit,
216 2720 244 2772 et
259 2734 305 2772 res
314 2719 378 2773 vile
395 2719 535 2791 degenda
548 2721 723 2775 necessarias
738 2720 778 2774 cis
795 2720 902 2786 tribuit,
955 2717 1115 2789 principem
1124 2719 1238 2789 Capua,
1251 2723 1400 2789 sperantes
1408 2736 1437 2773 se
1448 2720 1480 2773 in
1492 2720 1599 2775 dictam
1614 2721 1758 2777 civitatem

92 2809 174 2872 elea,
190 2823 253 2878 quae
269 2807 442 2861 adsalutem
458 2807 563 2862 animae
580 2809 768 2880 pertinerent,
782 2809 905 2863 libenter
955 2805 1122 2875 coniugium
1137 2805 1280 2860 habuisse.
1290 2806 1435 2878 Cepcrunl
1447 2810 1544 2862 aulem
1560 2808 1676 2875 milites,
1684 2810 1761 2864 inter

92 2894 184 2949 abeis
200 2895 419 2966 audivil.ipsum
437 2913 504 2951 vero
520 2897 637 2951 beatum
645 2899 820 2964 Brnnonem,
834 2898 904 2953 alio·
956 2894 1118 2947 vulneratos
1132 2897 1160 2947 et
1175 2909 1269 2961 sanos,
1287 2897 1403 2948 centum
1424 2892 1572 2964 sexaginta
1592 2896 1663 2950 duos
1677 2894 1758 2963 lm),

93 2999 158 3038 rum
175 2987 321 3054 pastorem
336 2987 494 3055 etpalrem,
508 2987 666 3040 nonsoium
679 2986 906 3056 praeeterisse
956 2999 972 3036 a
987 2982 1089 3053 quibus
1104 2981 1243 3036 visionem
1255 2981 1316 3036 iore
1327 2978 1694 3052 veramcomprobavimus.
1704 2982 1759 3037 Re·

92 3070 166 3126 ctius
181 3073 437 3142 complectebatur,
451 3073 502 3128 sed
515 3073 756 3144 etiarneerpiusad
766 3091 795 3128 se
805 3090 904 3129 evoca·
955 3087 1051 3124 versus
1065 3087 1140 3134 sum,
1153 3072 1211 3124 lieo
1225 3072 1349 3136 volente,
1361 3069 1495 3123 vicesima
1510 3084 1588 3123 nona
1599 3068 1664 3122 Julii
1680 3086 1761 3125 men-

92 3161 154 3225 bai,
171 3161 353 3232 multamque
370 3161 395 3214 ei
414 3165 555 3232 praestans
570 3163 773 3227 reverentiam,
790 3179 905 3235 semper
955 3160 991 3212 sis
1004 3158 1201 3230 Squillacium,
1216 3158 1366 3230 perhabita
1377 3158 1435 3225 tot,
1458 3157 1628 3230 praehabita]
1657 3158 1761 3231 dapne

93 3265 160 3303 eum
174 3248 268 3320 primo
281 3250 344 3304 loco
358 3249 461 3304 habuit
477 3251 505 3304 in
520 3250 675 3317 domosna,
684 3251 801 3323 ejusque
810 3250 904 3305 censi·
956 3247 1078 3314 civitate,
1097 3246 1144 3300 ubi
1154 3246 1253 3317 iuiper
1261 3246 1439 3318 quindenam
1451 3246 1620 3301 continuam
1633 3246 1763 3302 infirma·

93 3336 139 3391 liis
153 3337 278 3391 libenter
292 3337 424 3408 parebat,
434 3342 464 3392 ct
474 3339 617 3409 precibus,
634 3340 736 3410 quibus
747 3339 905 3410 plurimum
955 3340 1010 3391 tus.
1024 3337 1108 3391 Venit
1120 3353 1187 3391 vero
1200 3337 1262 3408 jam
1278 3337 1370 3391 dictus
1395 3336 1565 3392 venerabilis
1580 3337 1675 3392 Bruno
1695 3352 1771 3393 curn

94 3427 214 3492 fidebat,
230 3428 763 3498 perpetuosesecommendabatimi:
780 3445 905 3483 neceam

93 3516 196 3571 ieiellit
208 3515 480 3588 opinio.Ejusenim
490 3516 566 3571 beati
582 3516 632 3570 viri
641 3517 751 3571 meritis
766 3518 906 3571 Dominus

93 3605 338 3677 apreesentissinro
355 3604 480 3677 periculo
497 3609 525 3659 et
548 3607 661 3659 structis
673 3606 699 3660 ei
709 3605 843 3677 periculis
872 3605 905 3660 il·

93 3695 155 3749 lum
170 3694 302 3748 liberavit
318 3712 324 3760 ;
344 3694 372 3748 id
393 3694 576 3766 quodcomes
591 3694 691 3766 ipsein
710 3695 759 3749 Dei
771 3694 904 3766 gloriam,

94 3786 123 3837 et
138 3783 175 3838 ob
188 3782 394 3853 divulgandam
402 3783 508 3854 ubique
524 3784 614 3838 sancti
624 3783 764 3837 lirunonis
775 3782 907 3836 sanctita-

95 3874 154 3924 lem
166 3868 267 3924 litteris
283 3871 339 3924 suis
356 3874 492 3926 testatum
505 3871 622 3943 reliquit
632 3872 730 3926 inhirc
742 3872 838 3925 verba:

130 3959 175 4013 40.
193 3981 206 4007 «
224 3958 283 4030 Ego
301 3959 451 4029 Rogerius,
477 3960 574 4014 divina
596 3959 795 4014 misericordia
811 3975 908 4014 comes

96 4046 235 4102 Calabriae
250 4051 279 4101 et
292 4046 393 4102 Siciliae
404 4050 473 4103 nola
489 4064 549 4103 esse
558 4050 622 4103 volo
633 4048 768 4102 omnibus
777 4047 909 4102 fidelibus

96 4135 267 4191 Christianis
281 4136 431 4203 benesscia,
447 4137 590 4209 quaemihi
608 4137 752 4209 peccatori
769 4136 909 4192 concessit

955 3428 1078 3496 quatuor
1088 3426 1123 3481 de
1137 3425 1273 3480 iratribus
1283 3427 1349 3491 suis,
1367 3425 1416 3497 qui
1431 3442 1477 3480 me
1493 3425 1550 3480 suis
1560 3426 1665 3481 sanctis
1676 3425 1762 3482 devo·

956 3514 1047 3584 lisque
1057 3514 1206 3585 colloquiis
1221 3514 1361 3568 consolati
1375 3516 1451 3568 sunt.
1469 3512 1518 3567 Cui
1531 3515 1689 3571 reverendo
1700 3514 1762 3571 viro

956 3602 1095 3656 visionem
1107 3602 1202 3668 retuli,
1219 3606 1248 3656 et
1260 3602 1383 3656 humiles
1397 3602 1504 3674 gratias
1519 3603 1575 3674 egi,
1589 3604 1638 3676 qui
1657 3605 1693 3658 de
1714 3620 1762 3660 me

957 3691 1044 3745 etiam
1061 3691 1179 3744 absente
1190 3691 1247 3745 suis
1260 3691 1288 3745 in
1305 3689 1483 3745 orationibus
1498 3692 1761 3748 euramhabuisset.

992 3779 1111 3843 tanoni
1134 3796 1163 3833 se
1187 3779 1334 3833 humiliter
1352 3781 1473 3834 asseruit
1495 3797 1554 3834 non
1573 3781 1668 3851 ipsum
1689 3783 1763 3852 iore,

958 3885 1046 3940 quem
1062 3867 1182 3933 credidi,
1201 3867 1250 3921 sed
1266 3869 1315 3922 liei
1326 3869 1473 3938 angelum,
1490 3869 1539 3940 qui
1557 3872 1631 3923 astat
1641 3869 1763 3943 principi

957 3961 1090 4029 tempore
1098 3956 1165 4011 beili
1174 3957 1254 4027 (2³25).
1266 3956 1372 4027 Rogavi
1380 3973 1494 4029 quoque
1502 3957 1595 4027 ipsum
1605 3958 1762 4027 humiliter,

959 4048 1157 4116 utproptcrea
1172 4044 1207 4098 de
1222 4045 1307 4099 rebus
1332 4044 1403 4099 meis
1426 4044 1455 4098 in
1482 4049 1559 4100 terra
1588 4045 1764 4118 Squiliacen·

959 4134 981 4187 si
998 4149 1112 4188 sumere
1138 4133 1307 4205 dignaretur
1330 4133 1426 4204 largos
1447 4133 1566 4200 reditus,
1587 4152 1659 4205 quos
1674 4135 1765 4191 dona·

96 4224 357 4280 Deusorationibus
378 4225 531 4281 reverendi
562 4226 620 4281 mei
643 4227 740 4281 iratris
758 4226 909 4293 Brunonis,
961 4221 1263 4288 bam.Re11uensitle,
1290 4221 1419 4291 recipere
1441 4223 1518 4276 nolle
1543 4222 1665 4288 dicebat,
1689 4225 1768 4296 quod

96 4312 215 4383 piissimi
234 4314 324 4385 patris
341 4313 476 4381 fratrum,
500 4316 548 4386 qui
576 4315 710 4370 habitant
730 4315 758 4369 in
787 4309 1769 4381 ecclesiisDadhocdomumsuipatrismeamquedimisoratmtom·

97 4400 210 4456 Sancte
222 4402 318 4458 itariae
334 4403 369 4458 de
382 4420 494 4470 eremo,
513 4407 541 4458 et
550 4404 647 4458 Sancti
662 4402 801 4474 Stephani
816 4406 912 4475 proto-
963 4398 1032 4453 nino
1048 4399 1323 4453 derebusextraneis
1333 4398 1707 4469 liber,deserviret,lieosuo.
1719 4401 1769 4457 liic

97 4491 310 4564 martyrisque
325 4492 387 4548 sitae
400 4493 505 4548 suntin
516 4497 595 4548 terra
606 4492 911 4575 meainteroppidum
964 4486 1272 4541 iueratin10i³d0m0
1288 4502 1364 4551 mea,
1379 4486 1459 4558 quasi
1476 4487 1587 4559 primus
1603 4491 1632 4543 ei
1644 4506 1768 4561 magnus

98 4579 289 4649 quoddicitur
304 4580 419 4649 Stilum,
432 4585 462 4637 el
472 4584 609 4637 brenam.
626 4582 697 4636 Cum
714 4598 805 4635 essem
816 4581 844 4634 in
860 4580 911 4635 ob·

98 4665 210 4723 sidione
232 4669 336 4741 Capuae
355 4671 425 4742 1223)
440 4670 577 4726 Kalendis
592 4670 693 4737 Martii,
720 4674 748 4724 et
766 4669 909 4742 prefecis-

133 4774 206 4842 tate)
217 4778 272 4832 Pro
292 4777 428 4848 principis
442 4777 527 4849 hujus
541 4777 645 4832 nolitia
669 4777 716 4832 adi
744 4777 908 4831 Comment.

100 4859 188 4915 praev.
201 4864 282 4901 num.
300 4851 351 4902 556
363 4853 391 4903 et
407 4865 468 4920 seq.

134 4921 204 4987 {liti
223 4920 262 4973 lie
278 4918 378 4973 fictitia
393 4919 456 4986 hac,
480 4921 510 4972 ut
530 4922 660 4999 apparet,
679 4917 771 4973 sancti
791 4918 909 4989 ejusque

100 4989 244 5047 sociorum
257 5005 310 5060 per
325 4991 461 5044 conulem
474 4989 640 5060 Rogeraun,
649 4989 795 5044 venationi
805 5005 908 5043 vacan-

99 5066 170 5123 tem,
185 5060 351 5115 inventioue
373 5061 476 5115 videsis
493 5059 743 5115 Commentariurn
770 5059 908 5131 previum

100 5150 180 5187 num.
198 5134 245 5186 aar
261 5134 290 5184 et
304 5131 379 5185 binis
393 5149 473 5204 seqq.

134 5205 208 5274 (ati)
223 5202 295 5265 Ouid
308 5202 343 5256 de
357 5201 467 5257 duabus
479 5202 555 5258 hisce
571 5202 704 5268 ecclesiis,
717 5200 825 5272 quasS.
841 5202 908 5255 Bru-

100 5274 169 5329 noni
181 5272 300 5344 ejusque
322 5273 415 5339 sociis,
429 5274 526 5328 statim
550 5277 634 5343 atque
650 5274 733 5327 brisce
759 5272 787 5325 in
823 5288 908 5343 specu

100 5349 216 5400 orantes
225 5343 384 5410 invenerat,
392 5360 489 5398 cemes
500 5344 639 5409 Rogerins
652 5343 907 5407 donarit,senlien·

100 5416 170 5470 dum
185 5416 232 5477 sit,
249 5415 456 5469 Commentarii
473 5415 664 5486 pravarum.
681 5417 733 5470 biit
743 5414 853 5484 aperui.

136 5489 207 5555 tili)
219 5485 298 5551 Vide,
311 5502 374 5556 quae
390 5487 418 5542 in
438 5487 508 5542 vae
519 5485 708 5561 praecedentis
719 5488 803 5558 caput
823 5488 838 5540 3
854 5498 906 5539 ne·

101 5557 156 5617 lavi
169 5557 206 5616 ad
222 5561 282 5613 not.
301 5561 360 5616 tar.

962 4577 1044 4662 (aaa).
1053 4574 1182 4630 Tandem
1192 4575 1235 4628 vir
1252 4576 1288 4629 ab
1303 4590 1337 4629 eo
1356 4575 1514 4647 impetrare
1528 4577 1619 4649 potui,
1633 4580 1665 4631 ut
1679 4579 1767 4649 gratis

961 4663 1769 4737 acquiesceretsumeremodicummunusmeum.l)0navi

996 4770 1274 4844 inremissionem,
1289 4770 1369 4841 cnjus
1379 4771 1559 4826 occasionem
1580 4770 1767 4829 Commenta·

960 4844 996 4968 rip
1011 4842 1109 4967 prppvii
1121 4858 1201 4967 rippa.
1210 4844 1260 4895 635
1270 4841 1387 4967 qxppsui
1398 4858 1476 4973 anpp
1484 4844 1554 4966 13)θὲ
1563 4842 1765 4924 evenitquem·

961 4931 1047 4969 anio
1072 4930 1119 4967 um
1158 4928 1344 4967 ommenarn
1374 4929 1470 4980 nnvn,
1557 4929 1631 4967 ocur.

996 4987 1068 5053 (aab)
1083 4987 1125 5037 An
1142 4983 1258 5054 Sergius
1276 4984 1329 5037 hos
1351 4930 1426 5037 ihter
1449 4983 1545 5048 fuerit,
1568 4988 1610 5037 est
1635 4983 1764 5039 dubium.

961 5056 1082 5110 Consule
1099 5072 1162 5125 qnae
1177 5054 1283 5108 iuliae.
1298 5055 1487 5125 precedentis
1499 5057 1585 5123 caput
1600 5057 1767 5111 taunotate

960 5131 1027 5181 sunt
1042 5126 1077 5180 ad
1090 5129 1150 5179 not.
1170 5128 1230 5180 lle.

996 5200 1067 5266 trab)
1080 5198 1120 5250 lic
1134 5196 1241 5250 visione
1256 5195 1320 5261 hac,
1348 5193 1447 5249 comiti
1465 5194 1587 5274 itogerio
1607 5195 1636 5251 in
1657 5197 1766 5254 somnis

959 5270 1065 5334 obtata,
1082 5266 1183 5321 videsis
1197 5264 1405 5321 commentarii
1420 5265 1516 5334 praevii
1534 5282 1616 5321 num.
1630 5269 1692 5321 aaa.

993 5342 1062 5410 (atet
1080 5338 1118 5392 Ne
1133 5355 1165 5392 ex
1178 5337 1221 5392 his
1234 5336 1346 5391 comitis
1361 5334 1488 5406 Rogerii,
1511 5337 1603 5390 verbis
1624 5340 1716 5407 putes,
1732 5338 1761 5394 S.

959 5410 1122 5464 ltrunonem
1137 5411 1203 5462 ante
1219 5423 1302 5461 suurn
1318 5407 1347 5459 in
1360 5406 1539 5461 Cartirusiam
1554 5424 1696 5462 secessum
1712 5409 1763 5464 aii·

958 5481 1085 5536 (uarrdiu
1102 5479 1221 5533 i'uisseiu
1233 5477 1369 5548 principis
1379 5476 1530 5531 istiusauia
1543 5483 1696 5536 versatum.
1708 5480 1762 5540 adi

958 5498 1165 5611 iiommeutarii
1178 5548 1275 5627 praevii
1287 5566 1367 5606 uum.
1383 5552 1430 5608 aa
1449 5552 1549 5628 etseq.
1612 5619 1615 5622 .
