3772 5970
177 293 229 351 tra

481 288 511 350 S.
530 290 703 349 baubonis
724 286 1040 346 caarausrlmoauu
1060 285 1293 346 INSTlTU'l'OltlS
1313 286 1391 345 OPP.
1412 283 1532 344 Pausi

1787 281 1838 340 680

176 412 269 468 nimio
281 410 386 467 ardore
401 412 582 484 pervertendi
600 411 768 481 Scripturas.
796 411 829 464 Et
846 410 1016 479 subitaret,
1032 414 1074 463 cst
1091 410 1228 464 minorati
1245 413 1311 464 sunt
1327 408 1470 482 appetitus
1491 412 1668 464 aeternorum
1691 404 1837 462 bonorum

173 500 205 555 id
220 504 263 555 est
281 501 374 555 fetore
391 499 601 569 depravationis
618 500 742 570 ipsarum
755 497 980 566 seripturarum.

179 591 213 642 Et
227 592 323 660 spiritu
330 589 520 658 procellarum,
542 588 570 641 id
586 590 628 639 est
640 587 729 640 riirnia
744 585 982 655 garrulitateque

178 681 300 748 gesserat
309 677 459 748 precellas,
472 677 499 731 id
509 679 550 730 est
563 674 794 748 perturbationes
807 673 835 726 in
848 672 980 726 Ecclesia:

178 765 251 820 sicut
266 768 388 836 spiritua.
410 764 438 817 id
458 769 500 818 est
514 767 615 818 ventus
629 764 657 816 in
674 763 746 816 mari
761 762 900 834 procellas
916 776 981 830 pro·

177 857 272 920 creat3
289 855 331 907 rel
348 851 422 922 ignis
437 855 531 924 potest
545 851 614 923 poni
636 868 688 923 pro
715 850 818 903 ardore
831 847 956 902 avaritias
974 865 981 912 ;

178 942 298 1013 sulphur
312 941 636 1011 veroproletorepravae
648 938 767 992 aetionis
783 954 838 1009 qua
853 952 982 989 corrum-

177 1032 255 1102 pitur
278 1030 441 1100 proximus:
457 1034 486 1083 et
505 1029 621 1099 spiritus
644 1028 918 1098 procellarumque
936 1024 983 1077 illa

179 1123 288 1174 aeterna
305 1117 492 1173 damnatione
508 1117 688 1189 qualietper
699 1113 983 1169 administrationem

179 1208 324 1262 malorum
333 1206 499 1277 spirituum:
515 1204 693 1276 quimiuistri
705 1203 982 1273 suutproeellarum,

177 1293 262 1348 idest
276 1294 508 1348 tribulationum.
526 1293 610 1357 Quasi
626 1293 718 1346 dieat:
735 1293 796 1345 Non
808 1293 900 1345 solum
913 1287 984 1358 pluit

180 1384 300 1452 laqueos
315 1381 575 1451 promatismeritis
591 1397 702 1446 eorum,
720 1379 869 1433 sedetiam
887 1377 930 1431 liic
941 1392 984 1430 re-

179 1472 238 1541 plet
256 1486 304 1524 eos
318 1470 385 1541 igue
398 1474 425 1523 et
450 1470 603 1541 sulphure3
621 1470 650 1523 in
678 1469 773 1521 tuturo
791 1483 857 1520 vern
882 1465 984 1535 spiritu

178 1560 369 1630 procellarum
389 1559 552 1613 inebriabit.
569 1558 722 1627 Sequitur:
740 1555 873 1621 thom'um
881 1555 981 1624 justos,

178 1652 232 1701 eto.
247 1666 254 1714 ;
271 1648 348 1718 quod
365 1648 403 1701 sic
419 1648 621 1701 continuatur:
640 1645 699 1699 Dixi
716 1644 793 1715 quod
807 1645 939 1697 Desitiates
955 1644 983 1693 in

1032 516 1095 570 quac
1111 514 1177 551 vcra
1191 502 1256 552 sunt
1272 502 1299 551 et
1312 501 1399 551 certa.
1423 497 1504 560 Quod
1520 500 1562 550 est
1578 495 1672 549 dicere
1690 511 1697 548 t
1720 493 1776 565 lpsi
1792 495 1836 565 qui

1032 587 1163 656 eaernplo
1180 591 1296 657 patrum
1312 603 1429 639 suorum
1442 589 1551 640 aeterua
1563 581 1836 653 bonaexpeterede-

1031 675 1144 741 beraut,
1161 675 1196 728 de
1212 675 1258 729 die
1267 675 1296 728 in
1311 675 1388 728 diem
1397 675 1492 728 miuus
1501 677 1529 727 et
1540 672 1636 726 minus
1647 673 1799 742 expetunt,
1810 673 1836 724 et

1033 764 1163 834 exemplo
1176 781 1226 817 suo
1239 780 1285 817 me
1298 780 1432 819 revocare
1450 764 1562 827 volunt;
1584 759 1709 831 ideoque
1726 774 1836 813 necesse

1032 855 1075 905 cst
1091 855 1121 904 ut
1136 852 1174 905 sie
1191 869 1282 906 orem.
1294 852 1442 906 Duniuote
1456 859 1518 905 sicat
1534 853 1655 905 veritates
1677 869 1694 904 a
1713 850 1779 918 filiis
1793 850 1835 902 lio-

1033 943 1144 993 minum.
1169 941 1201 993 Et
1220 957 1278 994 nnn
1295 940 1335 994 eis
1349 939 1453 994 suffieit
1469 939 1598 993 minuere
1614 939 1754 993 veritates
1768 938 1796 991 in
1810 955 1836 991 se

1033 1032 1062 1082 et
1075 1046 1162 1082 varios
1173 1045 1244 1093 esse,
1257 1029 1402 1082 sedetiam
1412 1026 1643 1081 cenalocutisont
1657 1027 1837 1097 unusquisque

1033 1116 1068 1170 ad
1076 1119 1232 1186 proemium
1245 1136 1330 1183 sutrin,
1347 1116 1374 1171 id
1393 1120 1435 1171 est
1450 1116 1535 1170 locuti
1551 1120 1618 1169 sunt
1634 1114 1670 1169 ad
1692 1114 1836 1186 proximos

1033 1222 1098 1259 sues
1114 1204 1163 1257 illa
1175 1222 1239 1275 qum
1256 1222 1328 1258 vana
1341 1209 1417 1269 sunt,
1432 1206 1463 1257 ut
1472 1204 1525 1258 sibi
1536 1202 1837 1257 conformeslacerent

1034 1293 1150 1357 scilicet,
1161 1293 1295 1347 dixerunt
1309 1294 1370 1347 baec
1385 1296 1500 1347 terrena
1521 1308 1636 1346 summa
1657 1291 1739 1346 bona
1755 1308 1813 1346 esse
1829 1307 1835 1344 :

1034 1399 1097 1452 quus
1112 1398 1185 1435 vana
1195 1385 1271 1434 suut.
1290 1381 1362 1444 Ouia
1376 1398 1442 1435 vero
1456 1381 1632 1453 generaliter
1642 1380 1756 1435 dixerat
1764 1397 1838 1433 unm·

1033 1472 1153 1540 quisquc,
1171 1470 1298 1524 ostendit
1313 1471 1367 1524 hoe
1386 1486 1438 1540 per
1455 1473 1558 1541 partes,
1573 1469 1611 1523 sic
1636 1485 1642 1522 :
1663 1467 1735 1523 Dico
1755 1485 1836 1522 unus·

1034 1556 1153 1627 quisque
1170 1557 1255 1611 locuti
1269 1562 1335 1612 sunt
1348 1557 1518 1624 vanitatem3
1536 1560 1564 1611 et
1578 1572 1679 1610 verum
1694 1559 1758 1610 est:
1774 1571 1837 1609 nam

1034 1645 1151 1717 quidam
1165 1645 1318 1700 existentes
1331 1646 1402 1699 lesbia
1414 1646 1503 1699 (tolosa
1517 1645 1601 1700 locuti
1609 1652 1672 1698 sunt
1690 1647 1717 1698 iu
1732 1643 1839 1698 cordect

179 1734 274 1804 ternple
289 1752 297 1787 :
314 1739 343 1788 et
358 1736 386 1788 in
400 1736 461 1787 coelo
482 1735 554 1789 scales
566 1735 622 1803 ejus
637 1751 645 1785 .·
662 1736 689 1786 et
713 1731 786 1785 oculi
808 1733 865 1801 <piis
879 1733 905 1784 iu
915 1748 984 1800 pau-
996 1730 1021 1789 B
1034 1734 1122 1801 corde,
1135 1735 1163 1788 id
1178 1738 1220 1788 est
1235 1734 1264 1788 iu
1279 1735 1383 1807 duplici
1394 1735 1490 1789 eorde.
1509 1735 1570 1788 Non
1584 1734 1662 1805 quod
1674 1733 1781 1805 duplex
1793 1749 1839 1787 eor

171 1840 262 1894 peram
277 1825 431 1892 rcspiczimt.
447 1824 480 1876 Et
497 1822 611 1876 merito.
631 1821 763 1888 (liconiam
786 1821 877 1890 justas
890 1819 983 1871 Dorici·

176 1928 226 1965 nos
241 1929 250 1964 ε
267 1919 292 1964 et
307 1911 371 1965 ideo
382 1913 505 1981 justitias
530 1911 636 1975 caleat,
662 1909 690 1962 id
707 1910 758 1974 est,
771 1923 835 1960 cum
849 1906 884 1959 sit
893 1906 986 1975 justus

173 1999 273 2070 judex,
291 2016 349 2053 nou
366 2002 460 2068 potest
475 2016 533 2052 neu
546 1998 667 2067 diligere
674 1995 809 2066 justitias,
821 1995 848 2048 id
857 1997 900 2047 est
910 1992 986 2046 auxi·

177 2086 215 2143 lia
224 2103 353 2153 suorum,
364 2088 397 2140 Et
406 2089 478 2141 bene
492 2087 573 2156 ponit
583 2085 684 2139 intesta.
700 2084 770 2138 Cum
783 2081 985 2136 summaenirn

179 2174 333 2229 dilectione
343 2175 400 2228 suis
412 2174 561 2228 auxiliatus
571 2177 612 2227 est
623 2177 652 2226 et
660 2188 775 2241 semper
787 2169 983 2224 auxialibitur.

181 2256 985 2334 Ergo,utdixi‚pluitsuperpeccatoreslaqueostheri-

178 2359 219 2423 te,
236 2352 374 2425 quoniam
377 2352 471 2421 justus
479 2353 529 2403 est.
547 2351 579 2402 Et
590 2349 653 2403 ideo
662 2348 748 2400 uultirs
758 2346 857 2416 ejus,id
870 2349 913 2399 est
925 2346 985 2399 vul-

179 2434 986 2508 tuositasvindictusejus,uiditaperitutcmddestimpiorum

180 2528 532 2604 aequamexcacationem.
548 2525 616 2578 acsi
634 2524 725 2577 dicat:
742 2523 802 2575 Non
818 2525 912 2593 potest
928 2539 986 2576 uun

180 2622 279 2695 pluere
289 2621 415 2689 laqueos;
450 2614 505 2669 uod
517 2631 631 2684 aequum
643 2616 694 2681 est,
707 2612 782 2667 cumi
788 2628 836 2684 pse
840 2611 933 2680 justus
941 2610 985 2663 sit.

392 2633 457 2774 3}
481 2704 514 2755 u·
538 2702 701 2755 esaauuu
728 2703 770 2754 rr.

213 2795 322 2848 Titulus
337 2790 491 2846 undecimi.
508 2789 542 2841 In
567 2791 647 2857 fiacus
669 2795 837 2858 praecemur,
861 2786 987 2840 Psulnuu

178 2884 286 2940 Dauid:
300 2880 421 2952 quodsic
436 2878 603 2949 exponitur:
622 2878 750 2930 l¹saluuis
765 2876 815 2929 istc
827 2876 985 2928 attribuen-

180 2973 233 3028 dus
247 2974 290 3025 cst
305 2969 404 3034 llavid,
424 2967 452 3021 id
469 2969 520 3031 cst,
539 2965 697 3019 cellectioui
718 2963 844 3017 sulelium
855 2980 919 3034 quae.
934 2962 987 3016 fuit

181 3059 414 3114 auteadvenuim
431 3054 546 3109 Christi:
571 3053 658 3106 llaxid
684 3052 747 3105 dico
765 3050 896 3104 tendenti
911 3050 940 3103 ia
954 3052 986 3103 sr-

181 3165 259 3208 nem,
277 3146 305 3199 id
321 3149 363 3197 est
379 3144 408 3197 in
424 3141 658 3196 cciiil'orrnitatem
673 3140 746 3202 linis,
758 3139 859 3192 Christi
870 3138 986 3202 scilicet,

181 3236 229 3308 qui
241 3233 367 3287 finissuit
378 3230 536 3301 prophetiae
547 3232 572 3281 et
590 3228 670 3296 legis.
683 3228 730 3279 Vel
742 3227 768 3279 iu
787 3228 887 3292 linem,
906 3227 931 3279 io
945 3228 988 3278 est

182 3319 436 3396 perseverantiam.
458 3317 548 3371 llarid
569 3316 631 3368 dico
648 3315 744 3381 arpenti
764 3330 815 3383 pro
833 3317 941 3375 (setam,
961 3312 987 3366 id

183 3415 225 3465 est
243 3426 293 3480 pro
310 3405 451 3461 desiderio
462 3404 565 3474 quisuis
579 3406 710 3455 aterius:
729 3402 758 3453 in
775 3407 872 3454 octava
890 3401 934 3453 aie
948 3401 989 3454 su-

183 3487 763 3561 turaelutroducitliicpropbatalidolium
776 3489 988 3555 ccilleclioncm,

183 3587 230 3660 qui
246 3581 422 3640 autetlliristi
437 3581 591 3634 adveutum
601 3579 717 3631 scierunt
731 3596 736 3630 :
749 3583 882 3632 orantem
900 3581 989 3632 llaurn

184 3678 214 3730 ut
231 3675 327 3728 mittat
343 3687 428 3742 quem
456 3670 592 3722 missurus·
608 3671 650 3720 est
665 3685 670 3726 ;
688 3683 737 3736 pur
754 3684 839 3736 quem
858 3667 989 3720 bomines

183 3764 231 3835 qui
248 3779 299 3835 per
318 3761 386 3814 Adae
415 3761 563 3828 peecatum
579 3759 607 3808 et
628 3756 771 3808 delectum
787 3759 926 3808 aeternam
944 3772 988 3807 re·

182 3854 280 3926 quiem
297 3850 466 3913 amiserunt,
479 3846 673 3899 salvabuntur.
690 3845 758 3898 Orat
770 3845 856 3897 eliam
870 3861 906 3896 ne
924 3861 990 3897 ron

179 3943 324 4005 tornantur
339 3937 471 4004 exemplo
489 3935 643 3996 anulorum,
665 3933 805 3985 sariritates
821 3936 988 3984 ciirrsestau-

182 4025 400 4084 tium.0stsudit
416 4038 529 4092 (partique
544 4038 600 4090 qua
612 4019 715 4071 tiiluria
727 4023 798 4084 oret,
811 4020 863 4072 liae
871 4020 987 4085 scilieet,

142 4112 150 4122 ’
184 4114 250 4185 quia
263 4115 336 4166 lleus
350 4112 434 4164 Pater
443 4125 493 4180 per
511 4108 647 4177 Spiritum
661 4109 789 4158 astrictum
798 4107 817 4158 F
820 4106 988 4160 iliumsuum

179 4203 242 4274 jam
260 4200 301 4253 eis
317 4197 449 4270 promisit
464 4197 623 4262 ;etlio1·um
652 4195 737 4246 rerba
753 4194 816 4247 ideo
833 4194 989 4249 introducit

1035 1823 1158 1876 habeant
1177 1839 1183 1875 ε
1198 1822 1247 1875 sed
1263 1823 1329 1892 quia
1343 1822 1419 1877 aliud
1435 1824 1542 1877 babent
1554 1823 1581 1876 iu
1596 1822 1696 1888 corde,
1708 1822 1781 1876 dum
1795 1837 1838 1874 ve-

1035 1928 1066 1965 re
1079 1912 1243 1982 intelligunt
1258 1912 1319 1965 baec
1330 1912 1492 1982 prasentia,
1509 1927 1624 1966 summa
1640 1912 1719 1965 bona
1730 1926 1791 1965 uon
1803 1927 1840 1964 es

1037 2016 1083 2067 se,
1100 2002 1128 2052 et
1142 1999 1220 2053 aliud
1237 2016 1285 2054 ore
1307 2001 1490 2055 mentiuntur
1506 2018 1535 2054 se
1557 2000 1664 2055 habere
1681 1999 1711 2053 in
1733 1998 1839 2053 corde:

1036 2089 1097 2142 hac
1109 2088 1215 2141 seilicet
1229 2104 1344 2141 summa
1358 2089 1444 2142 laona.
1462 2088 1495 2142 Et
1510 2088 1546 2142 ob
1567 2087 1622 2140 hoc
1638 2085 1777 2140 dicuntur
1792 2087 1840 2141 du·

1037 2177 1099 2245 ples
1117 2192 1167 2229 cor
1185 2176 1291 2229 habere
1308 2179 1336 2229 et
1349 2176 1449 2241 dolosi,
1466 2192 1532 2230 eum
1555 2174 1799 2245 aliudeogitent,
1816 2176 1841 2227 et

1037 2263 1114 2317 aliud
1130 2263 1251 2334 fingant.
1268 2263 1350 2326 Quod
1369 2267 1465 2318 autern
1481 2264 1564 2336 ponit
1578 2263 1648 2317 lubia
1664 2263 1768 2329 doben,
1784 2279 1841 2318 ern·

1037 2352 1150 2421 phutice
1168 2351 1245 2405 dicit.
1261 2351 1353 2405 Aliam
1369 2369 1435 2406 vere
1451 2356 1563 2424 partem
1579 2352 1755 2422 illorumqoi
1769 2352 1843 2406 vanis

1038 2441 1183 2494 inhaerent
1197 2440 1281 2509 hujus
1297 2440 1397 2493 rmmdi
1413 2440 1506 2508 bunis,
1522 2444 1620 2511 utpote
1634 2441 1684 2512 qui
1700 2441 1764 2494 baso
1780 2456 1842 2494 sera

1038 2530 1115 2584 bona
1131 2528 1208 2582 salsis
1221 2530 1380 2583 rationibus
1389 2531 1560 2599 probant,et
1570 2530 1778 2600 sicutprobant
1786 2545 1842 2583 cre-

1039 2617 1121 2682 dunt,
1134 2617 1239 2681 innuit,
1251 2617 1297 2669 ubi
1308 2618 1516 2688 subsequenter
1525 2618 1607 2688 ponit
1618 2634 1624 2671 :
1637 2616 1694 2684 Qui
1700 2616 1843 2671 dixerunt:

1039 2704 1159 2772 linquant
1171 2711 1288 2757 iiosoum
1296 2706 1600 2776 arcagnificatimussed
1613 2706 1844 2776 interponitora·

1039 2792 1843 2863 tionemsic:llicequialabiadolosalocutisuntranaEt

1039 2898 1074 2934 nc
1086 2881 1209 2951 amplius
1223 2882 1378 2952 loquantur
1390 2900 1471 2947 vana,
1480 2883 1627 2953 disperdat
1636 2883 1782 2937 Dominus
1789 2882 1843 2936 nni·

1039 2969 1199 3024 versalabia
1208 2970 1316 3035 dolosa,
1329 2976 1358 3024 et
1370 2971 1500 3042 linguam
1513 2972 1735 3042 magniloquam
1746 2971 1840 3026 etiam.

1039 3062 1100 3115 Nou
1117 3060 1442 3114 eratutliabeuteslabia
1452 3061 1725 3132 dolosaetlinguam
1737 3060 1842 3133 magni·

1040 3151 1156 3219 loquum
1170 3148 1383 3219 disperdat,sed
1393 3149 1575 3204 dolositatem
1585 3149 1841 3222 etmaguilequcu·

1040 3237 1218 3289 tiarrrcorum
1228 3236 1321 3290 nasibi
1334 3240 1363 3289 et
1373 3236 1434 3290 aliis
1447 3241 1579 3291 noceant.
1595 3238 1627 3290 Et
1641 3237 1764 3307 exponit
1777 3253 1842 3310 quos

1041 3323 1116 3377 dicat
1134 3326 1239 3378 babere
1252 3325 1380 3393 linguam
1394 3326 1613 3396 magniloquam
1625 3325 1666 3379 sic
1683 3343 1689 3379 :
1704 3326 1840 3397 Linguam

1041 3413 1260 3484 rriapuiloquam
1273 3413 1334 3467 dico
1346 3413 1459 3468 illerum
1470 3415 1656 3485 putauerunt,
1669 3415 1698 3468 id
1709 3419 1765 3483 est,
1774 3417 1842 3470 iuter

1040 3520 1070 3555 se
1081 3504 1244 3554 statuerunt
1261 3519 1267 3554 :
1284 3501 1531 3571 illupm'ficuboaus,
1548 3503 1577 3556 id
1595 3507 1636 3557 est
1661 3522 1801 3576 magnam
1817 3507 1842 3558 et

1040 3590 1196 3656 pliniusam
1214 3590 1351 3642 iaciemus
1365 3591 1487 3657 linquam
1499 3600 1626 3657 nostrum,
1644 3592 1675 3646 id
1690 3596 1736 3646 est
1748 3594 1839 3647 facun-

1041 3677 1118 3731 diam
1136 3682 1274 3730 nostram.
1288 3679 1320 3730 Et
1335 3678 1388 3731 bor
1402 3680 1475 3732 liene
1490 3681 1584 3734 facere
1598 3697 1764 3750 pessumus.
1776 3682 1839 3735 Nam

1040 3765 1109 3817 Iulia
1123 3774 1212 3818 uuam
1227 3785 1242 3818 u
1257 3767 1330 3818 caelis
1345 3776 1416 3831 siaiu,
1432 3768 1460 3821 id
1481 3772 1533 3833 est,
1550 3768 1686 3824 facundia
1700 3775 1801 3825 nostra
1812 3785 1840 3823 ex

1040 3859 1137 3907 nostra
1154 3859 1234 3924 parte
1251 3859 1302 3915 est,
1320 3856 1349 3908 id
1361 3856 1494 3910 estuobis
1507 3859 1537 3909 ut
1552 3857 1607 3910 illis
1622 3859 1705 3912 valde
1717 3863 1770 3913 est.
1785 3859 1839 3913 Non

1040 3946 1080 3994 est
1103 3960 1189 4011 parra
1220 3961 1271 3997 uec
1303 3944 1453 3999 ullistsed
1479 3946 1635 4016 ariiplaest
1659 3950 1687 4000 et
1714 3946 1837 4019 insignis.

1040 4030 1163 4101 Ideoque
1191 4033 1315 4085 multum
1344 4048 1493 4101 possumus
1512 4049 1576 4087 eam
1605 4035 1840 4105 magnificarent

1038 4120 1184 4172 extollere.
1207 4121 1319 4173 Etcum
1338 4119 1412 4174 labia
1430 4124 1529 4175 nostra
1551 4139 1567 4175 a
1587 4122 1670 4176 nobis
1685 4123 1755 4179 sint.
1780 4122 1839 4189 Quis

1039 4214 1127 4260 arcister
1142 4209 1273 4261 Doeu'mrs
1293 4216 1339 4274 ert,
1357 4208 1384 4262 id
1404 4213 1455 4274 est,
1481 4210 1547 4273 Quis
1569 4193 1837 4282 dominabitur33

183 4290 336 4362 propbeta,
362 4291 393 4339 ut
418 4300 469 4338 nos
486 4284 606 4336 instruat
623 4282 822 4335 veliementem
838 4299 905 4352 erga
922 4300 986 4335 euru
1000 4285 1026 4342 D
1040 4299 1067 4348 et
1079 4296 1244 4365 psa-»palolpp
1264 4297 1404 4350 safflffldjae
1428 4303 1532 4353 „mpsae
1550 4300 1563 4353 ‘3
1581 4299 1689 4353 Nupus,
1708 4300 1766 4355 sed
1782 4317 1837 4355 ma.

185 4380 292 4433 habere
310 4390 452 4439 amorem,
468 4390 531 4425 curu
560 4374 671 4423 tautam
690 4371 770 4423 siralais
785 4371 913 4441 proferat
926 4372 987 4425 illo·

185 4482 249 4521 rum
263 4464 456 4518 allectionem.
476 4461 509 4513 Et
529 4460 582 4512 hoe
594 4459 632 4511 sic
643 4459 710 4512 dicit
725 4475 730 4512 :

179 4599 181 4602 >
218 4555 330 4609 Sulcum
345 4569 385 4606 mc
397 4553 453 4619 sac,
471 4551 594 4612 Dorsone,
613 4548 640 4601 id
656 4552 708 4614 est,
732 4549 862 4615 llumine,
880 4548 926 4619 qm
942 4565 990 4618 po·

184 4649 249 4699 tens
262 4660 302 4706 eS,
321 4657 367 4693 me
384 4656 442 4692 urm
469 4640 680 4708 repugnantem
696 4641 840 4708 praa-epto
856 4642 903 4691 tiras
920 4639 991 4691 sieut

176 4733 288 4796 Adam,
302 4729 352 4782 sed
369 4726 552 4780 obedientem
563 4725 672 4778 salvum
685 4725 770 4787 l'ac,icl
782 4729 833 4786 est,
848 4727 989 4780 mittendo

185 4836 273 4894 quem
287 4816 425 4871 missurus
441 4831 481 4879 es,
493 4814 569 4866 salva
587 4829 648 4865 iiie:
674 4813 834 4866 reducemlo
851 4815 886 4866 ad
913 4819 988 4868 tieta-

184 4926 249 4964 vam
262 4908 338 4961 diem
355 4919 442 4975 quam
457 4901 549 4953 ariiisi.
567 4901 600 4953 Et
612 4917 725 4953 necesse
735 4904 776 4953 est
794 4905 822 4954 ut
837 4902 988 4966 bonorem,

183 5011 312 5069 quomam
335 5005 451 5055 suiectus,
481 4989 510 5041 id
530 4992 571 5041 est
590 4987 694 5054 Adam,
711 5006 795 5059 quern
814 4993 843 5042 tu
859 4995 990 5046 saneim„

183 5085 287 5147 tacisti,
298 5082 334 5136 ad
347 5078 506 5149 imaginem
516 5076 621 5128 scilieet
630 5080 658 5129 et
671 5076 889 5132 similitudinem
898 5083 988 5146 tuam,

183 5172 288 5227 deiecit
303 5170 330 5221 iu
346 5167 489 5238 praecepto
505 5167 570 5216 tuo:
589 5163 708 5233 ideoque
720 5178 922 5237 sc'onrnesque
939 5186 990 5220 nos

184 5255 389 5332 pessumdedit.
400 5255 432 5306 Et
440 5252 505 5306 ideo
517 5251 609 5303 adbuc
624 5254 773 5321 tantopere
788 5269 846 5319 oro,
863 5258 989 5324 piscaniam

184 5347 276 5414 afiliis
291 5344 437 5407 bominum,
451 5340 479 5394 id
497 5344 564 5394 esta
582 5338 695 5403 siralais,
709 5341 756 5410 qui
775 5341 821 5394 lilii
838 5345 989 5413 propheta.

185 5449 250 5486 rum
266 5430 375 5484 suerint
386 5429 568 5498 aliorumque.
587 5427 723 5485 fidelium.
739 5428 786 5498 qui
801 5429 943 5495 homiues,
960 5432 988 5487 id

1039 4383 1192 4453 guiloquos
1207 4384 1274 4437 dicit
1290 4385 1361 4452 illos,
1379 4386 1425 4456 qui
1444 4403 1508 4439 eum
1531 4388 1591 4440 tuac
1610 4388 1670 4441 sola
1688 4388 1839 4460 praesentia

1039 4472 1168 4537 credaut,
1187 4490 1244 4525 nam
1261 4473 1349 4525 etiam
1366 4475 1471 4538 sutrim,
1488 4474 1523 4527 ab
1540 4475 1593 4529 hoc
1618 4476 1790 4531 omnimodo
1806 4478 1840 4530 la·

1039 4559 1144 4612 borant
1158 4560 1273 4613 utbeati
1290 4564 1318 4614 at
1334 4562 1448 4615 facundi
1469 4562 1513 4615 hic
1534 4568 1703 4633 appareant.
1730 4567 1764 4620 Et
1778 4564 1840 4637 quia

1041 4647 1169 4716 superius
1192 4653 1319 4702 eraserat
1341 4648 1476 4702 :Saluum
1496 4668 1536 4702 mc
1549 4652 1616 4719 suc3
1634 4656 1729 4723 posset
1753 4653 1839 4724 queri,

1041 4751 1097 4804 qua
1112 4734 1217 4788 fiducia
1232 4739 1294 4788 oret
1310 4736 1380 4789 illud
1395 4738 1471 4807 quod
1485 4738 1571 4808 digne
1587 4756 1639 4809 per
1657 4740 1751 4794 Adam
1772 4740 1842 4795 arui·

1040 4822 1084 4874 sit.
1102 4823 1133 4875 Et
1149 4823 1184 4876 acl
1199 4824 1252 4876 hoc
1266 4825 1421 4894 respondet
1432 4825 1470 4878 sic
1486 4843 1491 4879 :
1508 4826 1592 4880 Oruui
1598 4846 1606 4880 :
1618 4827 1732 4882 Saluum
1740 4847 1781 4883 me
1788 4831 1842 4899 sac.

1041 4911 1074 4963 lit
1089 4911 1142 4963 boe
1159 4911 1234 4963 laona
1245 4911 1348 4964 lidueia
1361 4912 1427 4964 dixi.
1442 4913 1513 4967 b'am
1530 4915 1669 4970 llemiuus
1682 4923 1767 4989 pater
1777 4918 1843 4973 dixit

1042 4998 1111 5051 mibi
1138 5014 1188 5067 per
1216 4998 1354 5067 Spiritum
1379 5003 1509 5055 salictum
1534 5003 1655 5058 interius
1671 5004 1699 5058 in
1724 5011 1841 5060 mente:

1040 5086 1131 5147 Nicia,
1148 5086 1176 5138 id
1192 5087 1283 5139 estad
1301 5103 1426 5156 praeseus
1442 5093 1505 5159 post
1526 5108 1646 5160 parvum
1660 5096 1788 5166 tempus,
1804 5112 1844 5149 cr·

1039 5192 1148 5243 scirpum
1164 5176 1190 5225 in
1207 5175 1347 5227 castritium.
1366 5176 1398 5228 Et
1416 5176 1468 5230 lior
1480 5177 1583 5232 fariam
1592 5188 1704 5250 propter
1712 5185 1841 5237 miserium

1040 5265 1146 5332 impium
1160 5271 1184 5314 ct
1197 5265 1324 5331 perstitiose
1343 5283 1504 5335 poiqrcrmn,
1520 5267 1548 5320 id
1565 5271 1607 5321 est
1625 5275 1745 5341 propter
1760 5273 1842 5326 mise-

1039 5351 1111 5403 riam
1142 5351 1335 5421 passibilitatis
1362 5356 1390 5405 et
1422 5355 1668 5424 corruptibilitatis
1693 5359 1723 5414 in
1757 5378 1842 5432 quam

1041 5437 1096 5492 urei
1112 5438 1209 5490 fideles
1223 5438 1401 5492 deverierunt
1414 5441 1575 5512 perAdam.
1586 5443 1639 5506 Qui
1650 5450 1718 5501 sinit
1733 5448 1840 5521 inopes,

185 5520 227 5575 est
242 5516 396 5571 rationales
411 5515 537 5581 suerunt,
553 5514 693 5569 diutiuutae
718 5523 780 5568 saciat
812 5519 944 5581 veritates,
960 5521 988 5576 id
1029 5526 1061 5583 id
1084 5528 1128 5579 est
1147 5525 1208 5579 siue
1227 5541 1293 5598 ope,
1310 5526 1338 5580 id
1355 5531 1397 5581 est
1416 5530 1520 5584 nullius
1535 5536 1602 5586 sunt
1621 5549 1687 5607 ope,
1705 5537 1758 5591 uisi
1781 5555 1843 5593 mea
