3772 5976
96 325 153 380 533

133 451 231 505 Brune
248 449 289 504 vir
304 450 427 522 sapiens,
436 450 516 521 jussa
529 451 706 507 Deitaeicns.
737 498 741 504 ,

96 535 211 608 Sprevit
224 554 293 609 opes
305 540 421 603 multas,
438 539 490 594 sibi
507 556 559 595 nec
574 541 628 596 tuit
642 543 700 596 ulla
716 541 844 606 facultas,

132 624 189 679 Sed
204 626 343 697 quidquid
355 629 457 698 potuit,
474 629 571 683 fratris
587 630 724 685 exhibuit.

96 714 180 785 Fugit
190 715 226 768 ab
238 715 292 768 hac
304 715 372 782 vita,
388 717 547 772 monachus
562 718 594 771 hl
607 722 636 772 et
651 718 718 772 hine
729 717 866 783 eremita;

133 804 207 857 llum
217 803 257 857 sic
272 805 418 871 abstinuit,
431 822 522 878 regna
537 806 594 876 poli
609 807 723 861 meruit.

96 891 153 946 Sed
169 892 235 963 quia
244 892 311 962 jure
322 893 383 965 pari
398 894 480 948 decet
495 895 548 950 hoc
564 911 616 968 pro
631 896 719 949 tratre
735 893 856 967 precari,

132 980 279 1035 Poscimus
290 984 320 1035 ut
333 981 448 1053 requies
462 982 497 1037 sit
508 983 558 1038 tibi
570 1001 690 1055 quaeque
708 982 777 1037 dies.

238 1121 269 1179 S.
286 1124 364 1179 Petri
377 1124 470 1179 insula:
485 1124 655 1180 Germanice
670 1126 741 1196 (313)

96 1229 145 1282 48.
158 1227 277 1295 hortea,
293 1246 382 1295 mers,
396 1231 509 1286 utinam
515 1249 548 1286 ve
558 1249 672 1286 carcerc
686 1231 781 1285 clausa
794 1228 904 1293 luisses,

97 1315 154 1369 Nec
170 1319 284 1372 tantum
297 1318 408 1373 mundo
424 1321 577 1374 [lectorem
593 1319 791 1391 subripuisses,

98 1404 226 1476 Proque
242 1421 294 1459 nos
307 1406 432 1477 petimus
447 1407 604 1476 Christum,
627 1409 741 1463 fontem
757 1403 903 1470 bonitatis,

97 1495 135 1549 L't
148 1495 197 1550 det
213 1497 338 1551 lirunoni
353 1514 458 1552 munus
471 1498 560 1552 solitar
574 1498 698 1571 pietatis.

97 1583 459 1653 Christe,PatrisVerbum,
472 1604 596 1659 regnum
605 1588 731 1642 concede
747 1599 904 1658 supernum

98 1673 225 1728 Brunoni
240 1674 360 1733 lamule.
376 1675 424 1747 qui
438 1693 467 1730 se
481 1676 532 1731 tibi
546 1678 661 1748 pectore
678 1691 749 1746 puro

95 1760 198 1816 Vivens
210 1763 358 1832 conjunxit
369 1764 574 1835 mundanaque
590 1763 694 1836 gaudia
708 1762 823 1835 sprevit.
914 1778 940 1836 B

95 1849 152 1905 Vos
167 1850 264 1922 igitur,
280 1852 396 1919 tratres,
410 1852 559 1908 eremitica
574 1855 697 1907 claustra
712 1852 849 1915 callentes,

96 1937 180 2001 Quod
195 1954 248 1992 nos
260 1955 313 2008 pro
328 1939 565 2006 vestristacimns,
574 1956 650 1994 nune
661 1939 774 1993 reddito
788 1935 902 2001 nostris,

95 2025 241 2081 Subtracti
254 2029 312 2083 leto
326 2028 475 2098 potiantur
486 2046 542 2100 que
554 2029 699 2100 paradiso,

203 2169 233 2226 S.
245 2170 377 2242 Stephani
390 2171 577 2228 Cetalmiensis
587 2173 699 2228 ecclesia
713 2171 796 2242 (alat.

94 2276 140 2329 to.
149 2274 301 2333 Commisit
312 2281 506 2351 protoplastus
517 2281 616 2346 honre,
630 2274 904 2350 curpesteraproles

133 2365 225 2421 Patris
243 2365 319 2422 iacta
335 2368 417 2423 luens
435 2368 534 2423 tendat
548 2368 576 2422 in
593 2365 766 2422 interitum?

96 2451 205 2508 Omnes
220 2453 375 2523 intereunt,
389 2456 438 2511 sed
456 2473 512 2512 non
527 2473 628 2511 omncs
643 2455 817 2510 cruciantur.

132 2541 205 2596 llors
218 2543 296 2597 venit
309 2543 432 2614 injustis,
444 2545 501 2600 vita
516 2546 647 2615 salusque
662 2542 754 2598 bonis.

95 2626 146 2682 llic
157 2628 244 2699 igitur
255 2631 362 2699 Bruno,
380 2633 421 2687 vir
435 2636 541 2687 sancta.
557 2631 715 2704 religionis,

133 2715 270 2772 hundam
280 2722 480 2785 contemnens,
495 2721 593 2775 coelica
606 2718 776 2790 promeruit.

95 2803 152 2858 Nos
164 2821 234 2878 erge
250 2806 406 2862 Dominum
430 2807 532 2862 devota
548 2810 645 2862 mente
662 2824 825 2879 precamur,

133 2892 168 2946 tlt
183 2895 231 2965 qui
241 2895 336 2966 justus
348 2897 410 2951 erat
421 2895 593 2967 justificetur
603 2896 705 2954 adhue.

249 3038 280 3095 S.
297 3039 375 3095 Petri
384 3039 496 3096 cenobii
508 3041 540 3095 de
555 3040 649 3095 Monte
660 3040 745 3111 (³20).

96 3144 201 3202 50.h'os
217 3145 303 3216 gessit
314 3147 442 3201 moriens
450 3147 577 3202 Christus
586 3148 621 3202 de
631 3149 724 3202 morte
733 3161 900 3218 resurgens;

133 3232 204 3305 Spes
219 3233 249 3288 in
264 3239 358 3289 morte
374 3237 457 3302 Deos,
471 3236 564 3309 gloria
578 3237 639 3291 sola
653 3237 736 3290 Deus.

96 3322 224 3376 Brunoni
237 3323 367 3394 requiem
378 3327 409 3378 tu
421 3325 531 3391 center,
544 3325 663 3391 Christe,
678 3340 847 3396 perennem,

133 3409 240 3466 Gaudia
252 3428 318 3466 cum
334 3413 439 3467 sanctis
455 3413 512 3467 sint
527 3413 580 3467 sibi
593 3413 777 3484 promeritis.
837 3457 839 3462 .

382 3553 413 3612 S.
430 3553 525 3608 Beeoli
537 3557 617 3622 (321).

97 3662 128 3712 ar
137 3659 347 3730 .l3runepolum
360 3661 559 3732 subeat,quem
568 3664 684 3714 strenua
695 3661 750 3715 vita
761 3664 901 3731 venustat,

136 3746 218 3810 Quod
234 3747 338 3803 merito
354 3748 423 3802 fidei
439 3749 531 3820 gloria
546 3751 655 3802 creseat
670 3747 705 3801 ei.

266 3887 298 3943 S.
314 3887 413 3943 Maria
423 3889 557 3943 [lemensis
572 3888 731 3959 metropolis.

98 3997 134 4049 52
162 3993 211 4048 llic
224 3995 309 4048 Pater
324 3994 444 4049 eximius
460 3995 597 4050 fundator
615 3995 763 4066 religionis

136 4082 289 4152 Exemplar
302 4099 362 4136 sese
378 4083 512 4136 tratribus
522 4083 658 4148 exhibuit,

99 4172 176 4225 Dans
189 4170 243 4225 illis
257 4171 382 4226 termam
398 4173 552 4242 spernendi
568 4172 633 4227 vilia
643 4172 755 4240 mundi,

136 4259 262 4316 Coelestis
277 4260 376 4331 patrive
393 4261 514 4333 praemia
527 4261 596 4316 dum
613 4260 741 4333 sequitur

886 323 978 382 hm

913 453 941 511 A
953 450 1025 505 Nam
1040 449 1062 503 si
1079 448 1123 504 eui
1136 451 1235 504 saneto
1249 447 1380 519 requiem
1396 448 1473 502 bona
1488 447 1546 502 vita
1560 449 1698 515 meretur,

1708 325 1761 383 5²10

990 537 1059 591 lluic
1074 553 1189 608 quoque
1206 553 1257 608 pre
1275 536 1385 590 meritis
1400 551 1514 589 summa
1530 534 1615 589 datur
1629 533 1758 606 requies;

955 626 1088 690 Quicum
1104 625 1276 681 multimode
1293 626 1392 680 nostra
1407 624 1531 696 polleret
1543 622 1572 678 in
1585 623 1667 690 urbe,

992 714 1186 786 Solamcnque
1201 714 1259 768 suis
1274 716 1361 784 atque
1371 713 1459 768 decus
1473 712 1570 778 tieret3

956 802 1084 875 Cumque
1099 805 1209 858 faveret
1221 804 1247 858 ci
1259 803 1376 859 fortuna
1390 819 1442 874 per
1454 801 1563 868 emnia,
1574 801 1695 872 jamque

990 893 1070 946 llune
1081 893 1285 963 praelenemus
1304 891 1439 947 omnibus
1450 895 1479 946 et
1489 889 1595 944 merito
1610 906 1617 944 :

954 979 1084 1051 Namque
1101 980 1243 1051 benignus
1258 982 1320 1034 erat
1332 978 1471 1050 omnique
1482 976 1631 1049 peritusin
1646 977 1708 1031 arte

991 1068 1196 1139 Facundusque
1211 1069 1279 1122 satis
1294 1067 1456 1138 divitiisque
1469 1069 1582 1138 petens,

956 1156 1060 1210 Omnia
1076 1157 1237 1228 postposuit
1249 1157 1360 1212 Christe
1373 1156 1542 1225 nudumque
1555 1157 1668 1208 secutus

991 1243 1144 1311 Christum,
1157 1261 1222 1299 cum
1238 1245 1336 1298 multis
1344 1243 1460 1314 suscipit
1471 1244 1547 1296 hunc
1558 1239 1760 1306 cremustltttl.

955 1334 1112 1403 Propterea
1127 1333 1259 1404 requiem
1275 1333 1328 1387 sibi
1345 1332 1489 1409 credimus
1500 1348 1562 1385 esse
1576 1334 1719 1402 paratam.

991 1422 1019 1476 Si
1036 1425 1133 1477 tamen
1150 1423 1207 1477 ulla
1220 1422 1288 1477 levis
1302 1423 1385 1476 haesit
1397 1422 1422 1476 ei
1439 1421 1552 1475 macula

956 1513 1037 1574 tilam
1054 1514 1132 1581 patet
1144 1511 1172 1564 in
1185 1510 1267 1565 terris
1283 1511 1393 1564 nullum
1409 1509 1470 1562 sine
1484 1509 1548 1563 labe
1562 1505 1695 1571 merari),

993 1599 1067 1653 rlanc
1081 1600 1155 1653 Deus
1164 1599 1311 1668 abstergat
1326 1597 1422 1652 dando
1439 1595 1492 1651 sibi
1508 1594 1633 1649 veniam.

1184 1729 1267 1784 Alius
1279 1728 1395 1798 ejusdem
1405 1727 1526 1781 ecclesiae.

953 1829 996 1881 53.
1009 1828 1044 1880 Ut
1059 1826 1162 1882 servire
1174 1827 1278 1897 loseph
1295 1825 1421 1879 dominre
1432 1820 1605 1894 contempsit
1618 1817 1721 1887 amori,

953 1915 987 1968 Et
999 1914 1073 1985 fugit
1088 1915 1236 1985 amplexus
1250 1914 1372 1968 incestos
1385 1914 1483 1966 mente
1498 1909 1581 1974 virili,

953 2002 998 2056 Sic
1014 2005 1182 2075 contempta
1192 2002 1281 2072 jacet,
1298 2001 1403 2066 Brunc,
1420 1998 1471 2054 tibi
1485 1996 1577 2069 gloria
1589 1992 1721 2049 munndi.

953 2090 1096 2163 Ampleeti
1108 2090 1177 2145 dum
1194 2094 1222 2143 te
1237 2091 1356 2161 cuperet
1371 2087 1422 2142 tibi
1432 2085 1550 2141 brachia
1566 2082 1688 2137 tendens

953 2181 1052 2235 llultas
1069 2180 1194 2233 mundus
1206 2183 1275 2251 opes
1291 2179 1396 2232 multos
1416 2174 1548 2232 obtendit
1563 2186 1694 2237 amores;

952 2269 1049 2340 Tuque
1063 2267 1131 2339 luga
1146 2268 1250 2339 lapsus,
1263 2266 1392 2339 pompali
1405 2266 1483 2318 veste
1499 2262 1616 2333 rejecta,

953 2356 1137 2429 Anrplcctens
1152 2371 1284 2409 eremum
1296 2352 1404 2407 vestiris
1417 2353 1492 2406 sorte
1508 2350 1603 2404 beata.

954 2444 1033 2498 Hunc
1049 2446 1162 2498 tantum
1180 2444 1267 2497 talem
1282 2441 1442 2496 coelestibus
1458 2454 1518 2493 esse
1534 2436 1662 2491 sodalem

954 2531 1114 2600 Credimus,
1128 2532 1204 2586 hune
1219 2530 1325 2602 rogitat
1341 2529 1463 2583 fratrum
1476 2525 1588 2581 devotio
1604 2525 1676 2590 tota,

953 2622 989 2675 Ut
1003 2621 1127 2676 Domino
1142 2638 1195 2693 pro
1211 2637 1240 2674 se
1257 2619 1392 2691 dignetur
1407 2615 1528 2671 tundere
1544 2616 1633 2669 vota:

953 2711 1021 2763 Pars
1036 2715 1134 2764 tamen
1150 2707 1270 2762 interior
1282 2708 1304 2762 si
1320 2704 1488 2777 traxeritab
1504 2701 1645 2757 exteriore

953 2797 1027 2862 Quid
1039 2797 1140 2867 sordis,
1155 2799 1238 2864 Deus,
1254 2795 1310 2850 hoc
1321 2793 1435 2866 pietatis
1446 2791 1522 2847 dilue
1538 2805 1614 2844 rore.

1208 2933 1277 2981 Item
1292 2926 1361 2980 alius
1375 2923 1500 2996 ejusdem.

913 3054 937 3114 C
953 3028 997 3083 54.
1011 3026 1116 3082 iudicis
1131 3041 1252 3080 examen
1269 3021 1382 3078 venturi
1399 3022 1494 3075 Bruno
1505 3029 1658 3090 pavescens

952 3116 1109 3172 hundanas
1122 3112 1297 3185 contempsit
1306 3127 1375 3183 opes
1383 3120 1572 3178 eremumque
1583 3097 1759 3175 pervidero)

952 3207 1045 3278 Atque
1058 3203 1151 3259 suavis
1166 3203 1205 3258 ibi
1221 3202 1331 3257 fruetus
1345 3198 1441 3255 emisit
1456 3196 1562 3262 odoris,

951 3294 995 3348 dd
1007 3293 1151 3348 Christum
1165 3307 1301 3345 revocans
1315 3305 1386 3360 quos
1401 3286 1493 3359 gloria
1506 3299 1581 3337 vana
1591 3276 1704 3334 ferenti.

952 3383 1039 3436 Necte
1048 3381 1151 3452 dieque
1167 3379 1217 3435 hei
1233 3376 1383 3451 praeceptis
1397 3372 1564 3444 invigilabat

954 3470 1093 3525 Omnibus
1108 3470 1265 3540 exemplar,
1278 3465 1370 3521 eremi
1385 3479 1456 3536 quos
1467 3462 1524 3516 rita
1540 3459 1668 3514 decorat.

954 3559 975 3614 0
992 3575 1080 3631 quam
1095 3558 1171 3612 felici
1184 3557 1279 3612 meriti
1294 3554 1428 3610 mercede
1443 3552 1589 3618 fruuntur,

954 3647 1006 3711 Oui
1023 3646 1089 3701 socii
1105 3645 1207 3700 turmis
1217 3643 1377 3700 coelestibus
1391 3639 1565 3702 alliciuntur,

953 3734 1034 3788 Lucis
1044 3738 1073 3788 et
1084 3733 1233 3787 inveniunt
1249 3734 1321 3798 loca,
1338 3747 1402 3802 quoe
1416 3730 1483 3783 sunt
1498 3723 1594 3779 nescia
1606 3720 1703 3793 pestis,

953 3824 983 3876 ln
1000 3822 1102 3894 quibus
1117 3820 1231 3876 artemis
1242 3819 1424 3873 celebrantur
1440 3812 1544 3887 gaudia
1557 3809 1644 3875 lestis,

953 3911 997 3965 dd
1011 3927 1075 3982 quie
1088 3909 1234 3982 suspirans
1246 3907 1291 3961 hic
1306 3904 1420 3960 dissolvi
1436 3901 1578 3972 cupiebat,

953 4000 1053 4053 Posset
1066 4002 1096 4053 ut
1111 3999 1139 4051 in
1157 3995 1268 4052 Christe
1284 3994 1323 4048 sie
1334 4006 1512 4064 conregnare
1526 3982 1634 4042 beatisl

954 4088 1083 4159 Denique
1094 4086 1176 4140 linito
1192 4084 1351 4140 certamine
1363 4098 1449 4137 carne
1464 4079 1573 4134 solutus

955 4177 1121 4250 Optatisquc
1138 4176 1236 4230 truens
1252 4171 1419 4228 conscendit
1430 4169 1466 4224 ad
1481 4167 1591 4222 aethera
1601 4161 1684 4218 liber.

953 4266 1059 4320 Verum
1074 4264 1097 4319 si
1112 4262 1182 4335 quid
1197 4262 1223 4316 ei
1239 4265 1362 4316 terrenae
1372 4257 1456 4314 sortis
1467 4253 1579 4320 [sordis]
1592 4244 1721 4312 adhesit,

99 4347 155 4403 Pro
170 4349 251 4420 eujus
266 4351 349 4419 eulpa
365 4366 424 4406 non
441 4349 585 4404 eredimus
600 4367 661 4404 esse
676 4351 865 4420 gemendum,
913 4338 940 4399 D
953 4353 1100 4418 Quatenus
1115 4352 1152 4407 ad
1166 4350 1309 4405 tumulum
1317 4346 1490 4411 [cumulum]
1499 4339 1642 4399 mercedis
1652 4335 1694 4391 nil
1703 4328 1758 4389 Sibi

135 4436 228 4501 Quem
238 4437 301 4508 jani
314 4437 489 4509 gaudentem
500 4439 644 4493 credimus
655 4437 685 4492 in
698 4438 807 4510 requie.

130 4578 206 4716 p3t8·
221 4579 287 4635 Loci
296 4580 380 4650 hujus
394 4578 527 4634 notitiam
535 4580 668 4651 nuspiam
675 4579 803 4635 invenire
812 4582 900 4652 quivi.

144 4648 206 4722 313)
220 4649 405 4704 Catetmiensis
419 4666 472 4774 pro
483 4648 687 4705 Catelaunenu's
701 4652 840 4707 mendose
855 4653 901 4709 hie

96 4720 235 4846 ffiriptulm
250 4726 319 4793 puto
335 4721 510 4846 cipitaStisqplc
529 4723 601 4777 adeo
623 4723 839 4846 thalauntensis
853 4740 902 4849 mi

95 4807 387 4917 aidilallha
406 4808 899 4934 ,aatllplsctathaal.

96 4934 154 5014 858⁸
167 4936 197 4986 et
217 4935 269 5015 353
285 4933 399 4999 decent,
421 4934 549 5004 agnoscit
569 4938 736 5005 patronum,
752 4937 901 4992 eeclesiam

95 5003 312 5144 detstigtilagitum
327 5076 370 5127 est
384 5075 438 5127 boc
454 5075 661 5130 monasterium
678 5076 706 5130 in
720 5075 833 5130 dioecesi
849 5077 901 5132 Ca·

94 5145 268 5211 talaunensi‚
282 5147 478 5270 eratquejam¹
489 5145 672 5227 indesinente
690 5147 842 5228 undecimo
852 5164 901 5201 ex·

92 5217 441 5349 tsttpplcthp'rcopqipnaltre
460 5217 627 5271 thuscanae
641 5221 731 5271 aucta·
742 5217 902 5288 Scriptores

1662 4418 1758 4491 [desit

951 4599 1014 4649 nus,
1050 4599 1065 4635 e
1096 4579 1166 4634 vivis
1189 4579 1311 4646 sublato,
1334 4579 1510 4633 exstructum
1537 4572 1623 4629 luisse
1651 4563 1758 4622 docem

950 4653 1047 4743 Gallice
1063 4649 1231 4706 Christiane
1249 4653 1340 4705 auctae
1363 4650 1522 4719 Scriptores
1540 4649 1613 4700 tom.
1637 4639 1679 4704 lll,
1701 4634 1757 4691 col.

952 4726 1057 4863 mittit)
1072 4791 1142 4846 llinc
1157 4791 1269 4862 collige,
1291 4793 1469 4857 anenem,
1492 4805 1559 4843 eum
1575 4786 1605 4840 in
1623 4790 1756 4837 eremum

951 4864 1143 4930 secessit,non
1160 4863 1282 4929 Parisiis,
1297 4863 1347 4918 sed
1357 4862 1462 4927 Remis,
1472 4874 1602 4914 summes
1613 4856 1690 4909 inter
1700 4847 1758 4901 for·

951 4940 1028 4990 tunae
1041 4933 1174 4988 secundas
1190 4933 1301 4988 favores
1315 4933 1402 4988 luisse
1425 4935 1580 5008 versatum.
1601 4925 1654 4980 ddi
1676 4932 1756 4973 com·

952 5005 1127 5103 meqtarium
1139 5003 1282 5127 praevium
1298 5020 1378 5058 num.
1396 5004 1445 5082 lbi
1461 5005 1489 5055 et
1504 5001 1579 5081 binis
1594 5011 1674 5076 seqq.
1727 5061 1757 5115 α

989 5078 1058 5147 (323)
1074 5074 1117 5128 hd
1162 5090 1297 5128 arrsrense
1317 5074 1455 5137 defuncti,
1469 5087 1519 5152 qur
1536 5083 1621 5146 suam
1632 5076 1725 5138 rpsem
1746 5130 1752 5143 ι

952 5146 1172 5227 damnationem
1195 5144 1382 5208 denuntiarit,
1408 5139 1641 5266 progvgqqupngrqu
1664 5130 1755 5260 pig&

950 5214 1626 5355 llllastatadstatlanam,
1643 5247 1753 5330 ’anna

128 5359 203 5426 (sco
219 5357 278 5411 lloe
292 5358 510 5424 monasterium,
522 5357 756 5429 quodindioecesi
767 5358 900 5414 Remensi
949 5359 1055 5412 Verum
1070 5357 1242 5411 eon’ecturoe
1252 5356 1297 5410 isli
1312 5371 1364 5425 pro
1378 5353 1532 5408 astruenda
1544 5351 1627 5406 ferali
1635 5344 1754 5415 historia

93 5427 180 5482 situm
200 5431 254 5493 cst,
274 5427 335 5481 aS.
360 5428 491 5494 Nivardo,
518 5429 651 5483 hemensi
672 5430 848 5500 archiepisco
870 5445 899 5498 o,

92 5513 171 5553 anne
186 5498 300 5578 circiter
311 5500 373 5564 67³,
387 5498 635 5579 quemadmodum
648 5499 685 5554 ad
699 5500 827 5571 primum
848 5446 868 5554 ἕ

92 5569 236 5642 ptembns
246 5569 335 5637 diem,
343 5584 400 5641 que
410 5569 446 5624 de
459 5569 507 5624 illo
515 5569 592 5643 apud
599 5586 652 5626 nes
659 5574 766 5639 actum,
774 5570 900 5627 ostendi-

950 5430 1074 5483 multum
1092 5373 1203 5481 rehoris
1219 5442 1277 5479 non
1294 5425 1385 5479 inesse
1400 5425 1524 5496 ipsemet
1543 5419 1673 5476 lateturis
1687 5414 1754 5473 scri·

868 5516 898 5554 s·
948 5503 1025 5571 pter.
1036 5498 1159 5555 Cennrla
1174 5495 1422 5552 Commentariun
1434 5494 1573 5568 previum
1588 5493 1603 5560 fi
1617 5493 1662 5546 al.

1037 5613 1053 5642 Ι
