3772 5976
66 253 115 309 eu
853 247 944 305 ACTA
1420 290 1424 297 -
1676 250 1733 315 242

63 372 346 435 nonettendensire
375 376 505 447 pontem,
532 389 584 448 per
605 388 692 446 quem
712 372 912 443 eommunisn
926 376 1024 432 umen
1040 374 1197 434 relidoirco
1216 377 1345 444 autumo,
1370 375 1449 448 quod
1470 377 1532 435 tem
1546 374 1618 443 hec,
1638 390 1727 448 quam

64 469 130 523 erat
140 464 285 533 transitus,
302 461 765 536 superaquesambulans,llumen
781 466 874 518 traus-
925 464 1064 535 primum,
1081 467 1316 536 utperpctuama
1330 464 1465 520 carnibus
1487 462 1693 518 abstinentiam
1710 480 1727 517 a

63 553 129 624 ivit,
145 553 334 626 celeriterque
349 552 606 624 perdiremattulit.
925 552 1127 621 Carthasianis,
1139 553 1297 626 periculose
1308 551 1653 617 etiamdeeumbentibus,
1671 568 1729 606 ser·

102 645 166 700 300.
184 665 199 695 «
212 643 305 709 Quam
322 659 387 698 cum
399 642 481 698 Prior
495 642 604 715 optime
618 645 729 700 coctam
745 642 871 712 infirmo,
888 650 892 657 ’
923 642 1173 711 varisolitam,Deo
1183 643 1302 699 omnino
1313 641 1432 716 probari
1439 643 1541 698 contra
1554 641 1730 697 obtrectare·

63 737 209 806 praesente
217 736 372 801 conventu,
380 735 592 806 praesentasset,
600 732 647 789 ille
655 733 873 805 suspiciciensin
923 732 1184 802 rosostenderetur,
1192 733 1316 789 conficta
1324 732 1411 788 fuisse
1419 731 1579 798 videantur,
1588 728 1730 802 uniceque

63 823 172 878 emtum
190 838 257 878 curn
282 821 418 894 lacrymis
436 820 491 877 ait:
513 821 636 878 Domine
662 822 728 878 lesu
752 822 872 892 Christe,
923 821 999 877 hune
1015 821 1046 878 in
1060 822 1416 890 flnemeBlomenvenna,
1427 837 1494 883 cum
1505 819 1569 891 jam
1585 822 1652 874 ante
1664 817 1733 873 fuis·

63 910 169 969 exaudi
184 926 232 967 me
245 914 428 982 peccatorem
441 910 585 966 famulum
599 914 692 980 tuum,
708 911 875 983 suppliciter
924 911 1130 980 seutconflcte,
1143 910 1173 967 in
1194 928 1360 985 eem,quem
1371 908 1526 977 contexuit,
1541 908 1570 964 S.
1589 906 1732 963 Brunonis

64 1000 403 1076 precantemhonitetem
413 1003 552 1068 tuem,ut,
562 1000 876 1056 siistetamvehemens
924 1002 1018 1057 Vitam
1033 1001 1090 1055 sint
1104 1002 1232 1057 illataht
1242 999 1435 1073 vero,inquiet
1455 1014 1513 1055 non
1530 1011 1732 1065 nemo,cume

65 1090 212 1163 appetitus
227 1093 283 1146 tue
297 1094 340 1146 est
354 1089 473 1162 placitus
484 1089 634 1158 voluntati,
649 1089 876 1163 proveniatmihi
925 1089 1085 1157 tribusillis,
1097 1089 1485 1162 quaeBlomenrenuarefert,
1494 1087 1732 1162 prodigiisunum

66 1179 782 1253 adsalutemeorporisctanimaehocedulium.Sin
794 1179 875 1248 alias,
925 1179 1053 1247 indubie,
1071 1179 1127 1234 duo
1139 1179 1250 1250 reliqua
1258 1177 1522 1234 verosimilitersint
1532 1175 1644 1240 fictitia,
1662 1170 1733 1245 quid

64 1267 377 1341 piissimeDominequi
390 1270 489 1324 vitaret
498 1269 599 1325 mortis
611 1273 691 1324 tenes
708 1268 875 1340 imperium,
926 1268 949 1324 si
963 1284 1033 1340 ergo
1047 1267 1115 1323 olim
1127 1267 1215 1322 etiam
1224 1267 1333 1322 fuerint
1348 1266 1378 1321 in
1395 1265 1661 1328 carthusianorum,
1673 1275 1732 1315 nen

66 1356 199 1430 digneris
212 1358 279 1413 huic
293 1362 432 1415 creaturae
448 1362 514 1426 ture,
531 1375 595 1430 quae
611 1359 669 1413 mei
680 1375 765 1414 cause
784 1357 877 1414 occisa
926 1369 1005 1409 secus
1017 1357 1104 1427 atque
1113 1356 1272 1411 inaliorum
1279 1355 1415 1410 ordinum
1426 1348 1732 1419 monasteriis,inventi

65 1449 120 1512 est,
136 1445 335 1515 reddentem,
366 1451 398 1503 ut
420 1447 583 1502 arolensin
607 1447 682 1502 viam
711 1464 793 1503 suam
823 1462 876 1503 nos
925 1440 977 1496 viri
997 1442 1036 1513 pii
1060 1443 1188 1515 quidem,
1206 1444 1256 1500 sed
1280 1440 1585 1514 simulitasimplices,
1603 1443 1634 1494 ul
1660 1454 1735 1494 ”Ota

63 1534 193 1591 famulos
203 1539 269 1591 tuos
293 1553 467 1610 cognoscere
482 1536 579 1605 faciat,
607 1536 790 1600 contrarium,
814 1551 875 1592 esse
924 1545 977 1602 pre
993 1532 1111 1588 arbitrio
1122 1533 1265 1606 prodigia,
1276 1550 1340 1606 quae
1351 1533 1395 1588 rel
1411 1532 1449 1587 ad
1458 1531 1568 1587 ordinis
1582 1528 1625 1584 sui
1634 1528 1732 1601 splen-

66 1623 210 1680 voluntati
221 1627 343 1693 tumme
354 1627 397 1681 vel
405 1641 606 1699 quemcunque
614 1628 720 1681 nostre
727 1624 876 1697 religionis
926 1618 1027 1675 dorem
1035 1622 1440 1694 commendationemque,vel
1449 1620 1486 1675 ad
1498 1618 1735 1674 Deisanctorum·

63 1714 244 1773 monachum
264 1731 435 1786 quacunque
462 1714 610 1771 occasione
638 1716 683 1771 vel
707 1715 875 1771 infirmitate
890 1698 981 1781 Bque
989 1711 1113 1781 gloriam
1123 1711 1328 1778 conducerent,
1342 1708 1523 1767 comminisci
1537 1707 1590 1763 sibi
1601 1707 1643 1762 fas
1652 1709 1734 1778 puta·

65 1802 340 1858 carnescomedere.
356 1802 523 1876 Cumquein
538 1803 722 1861 conclusione
737 1801 875 1859 orationis
923 1802 999 1867 rent,
1015 1816 1105 1872 reque
1120 1800 1182 1871 ipsa
1193 1801 1282 1856 etiam
1297 1801 1401 1856 saeculo
1429 1798 1516 1854 tertio
1533 1795 1657 1863 decimo,
1674 1810 1732 1867 quo

65 1890 873 1966 omnes,quiaderant,respondisseutbmen,illicoavis,
924 1887 1069 1959 praecipue
1081 1890 1178 1959 plures
1188 1880 1293 1944 fabulis
1303 1886 1449 1960 fingendis
1464 1901 1585 1957 operam
1600 1884 1630 1938 in
1642 1899 1735 1938 crene-

64 1982 195 2053 reeepta,
210 1978 276 2047 rita,
286 1980 499 2053 plumisvestita
513 1981 667 2056 repentino
676 1982 773 2036 volatu
783 1980 875 2054 dispe·
924 1975 981 2032 hiis
990 1976 1102 2034 dedisse
1118 1981 1285 2046 noscuntur,
1302 1972 1640 2033 nonnullasubindesiut
1653 1989 1733 2029 com·

65 2066 136 2136 ruit,
148 2066 312 2125 videntibus
322 2069 430 2125 cunctis
442 2069 491 2142 qui
506 2071 636 2138 ederent,
654 2074 682 2126 et
694 2071 875 2142 stupentibus
924 2066 1037 2121 monti?

66 2171 101 2212 ee
115 2156 379 2230 gratiasagentieus
391 2160 460 2226 Deo,
476 2159 523 2230 qui
534 2159 602 2214 facit
611 2158 755 2216 mirabilia
765 2176 875 2232 magna
959 2157 1022 2211 401.
1039 2156 1113 2222 Quid
1128 2156 1180 2214 sie
1195 2157 1369 2214 commentis
1376 2155 1431 2212 illis
1448 2171 1539 2211 uuum
1554 2153 1590 2210 sit
1606 2152 1733 2210 doctoris

67 2244 99 2305 io
109 2246 183 2302 coelo
190 2249 221 2302 et
228 2245 258 2302 in
269 2250 357 2303 terra.
370 2248 432 2304 Alio
444 2249 532 2304 etiam
540 2252 671 2320 tempore
682 2249 874 2322 cumquidum
924 2246 1065 2317 tantisper
1079 2247 1207 2312 redivivi,
1225 2246 1273 2319 qui
1293 2262 1354 2303 sese
1381 2246 1565 2313 damnatum,
1581 2243 1695 2316 publice
1717 2259 1734 2298 a

68 2334 198 2407 episcopi
213 2340 243 2391 et
261 2336 685 2409 alii,anteQuinquagosimam
694 2338 874 2396 Certhusiam
924 2332 1033 2391 feretro
1047 2336 1245 2407 proclamarit,
1261 2335 1443 2391 horrendum
1457 2334 1636 2408 prodigium,
1654 2333 1731 2387 dicto

63 2421 363 2492 venientee,ridissent
373 2425 513 2496 quosdam
524 2442 606 2481 senes
613 2426 731 2494 debiles,
742 2427 873 2485 carnium
925 2426 1029 2481 saeculo
1044 2425 1130 2481 tertio
1144 2426 1256 2482 decimo
1270 2425 1398 2498 primum
1413 2424 1525 2492 litteris,
1539 2423 1580 2478 uti
1595 2440 1629 2478 ex
1644 2437 1733 2493 supra

63 2511 203 2568 carentia
231 2512 287 2568 hoc
318 2514 517 2582 attribuentes,
544 2519 719 2587 rogaverunt
739 2515 873 2572 Priorem
926 2513 1008 2570 dictis
1023 2515 1124 2587 liquet,
1140 2513 1493 2578 commendetum‘ltluid
1518 2513 1540 2569 si
1556 2512 1680 2578 idione,
1702 2513 1734 2565 ut

63 2600 284 2671 instantissime,
312 2605 343 2658 ut
355 2603 464 2659 debiles
477 2603 517 2659 illi
539 2603 575 2659 de
599 2605 744 2674 carnibus,
770 2606 873 2679 quibus
923 2601 988 2658 vitre
1003 2604 1213 2674 austerissime,
1232 2604 1294 2661 eS.
1315 2606 1450 2660 Brunone
1466 2602 1614 2668 institutae,
1645 2615 1733 2673 quam

62 2693 142 2747 totus
153 2691 337 2748 mundusillo
348 2692 379 2748 in
391 2696 523 2765 tempore
539 2697 680 2764 uteretur,
696 2695 814 2769 aliquod
823 2696 874 2750 ha·
925 2691 1058 2747 nonnulli
1075 2693 1144 2748 olim
1166 2694 1336 2764 carpebant,
1358 2692 1432 2748 ratio
1447 2691 1628 2756 redderetur,
1644 2687 1733 2744 fuerit

63 2778 388 2849 berentrefociuamen,
401 2782 551 2851 addentes,
566 2784 672 2839 multos
685 2784 784 2839 doctos
798 2784 873 2840 viros
923 2781 1097 2836 confictum?
1108 2783 1148 2837 Eo
1157 2782 1304 2837 deducunt
1316 2783 1433 2837 relatae
1447 2781 1733 2849 Blomenrennepro-

63 2871 95 2923 et
102 2868 234 2925 timuisse
245 2870 432 2926 ettimerede
443 2871 535 2926 nimia
544 2871 749 2928 inhocordinis
756 2872 871 2928 duritia.
924 2867 1057 2939 digiaseu
1067 2869 1162 2943 potius
1174 2871 1324 2941 figmenta.
1340 2870 1458 2938 Verum,
1474 2867 1666 2942 quidquidsit,
1679 2881 1732 2922 nec

63 2955 138 3013 (lum
149 2974 217 3015 vero
241 2958 324 3015 Prior
334 2961 497 3016 nullatenus
512 2960 673 3029 assentiret,
698 2964 874 3033 rogaverunt
886 2990 910 3050 C
922 2956 986 3012 haec
1000 2958 1096 3014 fecere
1112 2962 1234 3031 possunt
1245 2963 1277 3014 ut
1294 2959 1416 3014 feralem
1430 2958 1561 3013 damnati
1579 2955 1732 3012 historiam

62 3048 96 3100 ut
109 3047 214 3102 saltem
228 3064 281 3119 pro
294 3064 324 3103 se
336 3051 366 3104 et
378 3048 435 3103 suis
446 3049 600 3104 comitibus
609 3066 710 3105 carnes
725 3050 783 3105 emi
797 3049 873 3104 face·
924 3045 1317 3117 proindubitetoeommento
1325 3047 1456 3103 fabulare
1465 3043 1732 3121 habeam,mapimo

64 3137 121 3188 ret.
139 3132 214 3198 Ouid
245 3137 360 3192 multa?
375 3138 485 3209 Empta
516 3154 617 3193 earnes
634 3138 871 3211 carthusiamque
924 3133 954 3189 in
970 3136 1118 3207 opinione,
1128 3153 1186 3208 que
1196 3136 1303 3203 ille,uti
1323 3137 1369 3191 hic
1382 3136 1470 3191 modo
1482 3135 1525 3202 fit,
1542 3150 1601 3189 non
1616 3132 1730 3205 publice

62 3222 198 3295 perlate,
223 3224 328 3294 apertis
351 3225 500 3281 sarcinulis
522 3227 717 3282 cernebantur
734 3243 822 3282 versae
843 3226 873 3281 in
924 3240 1022 3281 coram
1036 3224 1516 3298 innumerapropemodumpopuli
1533 3221 1729 3289 multitudine,

61 3328 149 3369 veros
158 3317 188 3368 et
203 3313 329 3384 optimos
337 3315 439 3389 pisces,
450 3317 556 3386 colore,
570 3317 670 3386 odore,
683 3332 796 3388 sapore.
810 3316 872 3381 Quo
923 3314 974 3369 ead
989 3314 1067 3371 intra
1079 3315 1206 3388 privatos
1221 3315 1324 3371 domus
1339 3315 1466 3370 defuncti
1492 3312 1616 3385 parietes
1629 3328 1729 3367 coram

60 3400 134 3469 nse,
151 3401 243 3470 Prior,
259 3403 386 3473 Videtur,
405 3405 508 3477 iuquit,
521 3406 589 3479 quia
603 3423 662 3462 non
678 3410 721 3462 est
740 3407 873 3462 voluntas
921 3404 1020 3474 paucis
1032 3405 1171 3459 duntaxat
1184 3404 1261 3460 fecta
1272 3404 1414 3459 statuitur.
1430 3402 1543 3457 Etenim
1553 3418 1607 3456 nec
1618 3402 1728 3469 omnia,

60 3489 192 3558 Domini,
215 3493 247 3546 ut
268 3492 401 3547 carnibus
424 3510 542 3549 earnem
564 3494 736 3550 nutriamus.
761 3494 871 3551 Deinde
922 3510 986 3565 quea
996 3493 1091 3549 seculi
1107 3493 1212 3551 decimi
1224 3493 1300 3548 tertii
1316 3492 1469 3564 scriptores
1480 3491 1510 3546 in
1526 3491 1636 3547 litteras
1646 3490 1729 3546 mise-

60 3576 158 3650 pisces
171 3578 245 3635 cocti
260 3580 520 3637 conventuietahis
529 3586 596 3637 sunt
612 3582 762 3654 propositi,
785 3586 871 3654 atque
921 3585 1000 3650 runt,
1012 3581 1213 3637 commentitia
1226 3584 1301 3648 sunt,
1310 3580 1432 3648 nec,etsi
1443 3581 1729 3651 triaprmmemorate

60 3681 167 3734 eorum
175 3669 260 3738 gustu
271 3667 380 3723 infirmi
396 3686 429 3724 ac
439 3669 547 3725 debiles
563 3669 655 3727 sanati
665 3675 695 3726 et
704 3670 869 3738 confortati,
920 3671 1053 3744 prodigia
1068 3688 1119 3725 seu
1133 3670 1228 3742 potius
1243 3673 1410 3725 commenta
1434 3686 1451 3724 e
1466 3670 1682 3724 Blomenvenna
1696 3669 1727 3723 in

59 3753 126 3809 Non
142 3755 327 3812 crediderunt
340 3756 869 3830 episcopicareesiupiscesconverses
922 3759 950 3817 S.
966 3757 1107 3815 Brunonis
1120 3758 1215 3813 Vitam
1222 3758 1278 3812 sint
1292 3758 1382 3826 illata,
1399 3775 1434 3812 ee
1448 3757 1595 3813 universus
1610 3758 1728 3812 Certhu-

61 3841 160 3899 donec
186 3843 335 3903 mittentes
352 3847 390 3901 ad
404 3849 526 3903 macella
541 3851 571 3903 et
584 3848 802 3921 diligentissime
824 3849 869 3903 in·
921 3848 1068 3904 sianorum
1083 3847 1153 3902 ordo
1169 3863 1222 3918 pro
1237 3845 1311 3900 voris
1324 3850 1373 3901 aut
1391 3846 1499 3901 habere
1522 3849 1572 3900 eut
1586 3862 1725 3917 umquam

60 3930 222 4004 quireutes,
236 3933 271 3989 de
286 3937 316 3989 te
329 3937 392 3991 tam
405 3936 547 4008 stupenda
559 3936 774 3993 evidentissima
790 3936 870 3993 testi·
920 3936 1053 3992 hahuisse
1068 3934 1305 4007 deprehenditur,
1313 3935 1493 4006 videturque,
1501 3933 1622 4005 proinde
1632 3934 1656 3988 is
1671 3949 1726 3988 nec

59 4018 165 4075 monia
179 4021 344 4079 audieruut.
357 4045 371 4073 u
919 4041 972 4096 pro
986 4041 1053 4079 vero
1068 4024 1157 4079 etiam
1171 4023 1402 4095 indubitatoque,
1421 4024 1462 4078 uti
1484 4027 1651 4078 constamter
1672 4039 1726 4094 per

96 4108 163 4164 400.
176 4108 328 4167 Taliesunt
337 4111 512 4169 triedirersa
522 4113 765 4188 aDlomeurenna
777 4117 869 4170 relate
918 4114 1113 4186 plurasoecule
1124 4113 1186 4185 jam
1196 4111 1306 4180 habuit,
1316 4110 1724 4167 habiturusfuisseParisiense

58 4195 220 4270 prodigia:
237 4215 269 4255 ac
282 4199 410 4272 primum
424 4201 543 4275 quidem
556 4219 590 4258 ex
603 4203 658 4269 his,
674 4207 706 4259 ut
722 4204 786 4276 J'am
799 4205 867 4274 diri,
917 4201 1095 4274 prodigium,
1112 4201 1134 4258 si
1149 4203 1347 4258 commentum
1363 4201 1512 4256 dumtaxat
1525 4200 1680 4273 fabulaque
1696 4200 1725 4255 id

59 4283 240 4344 emniduhio
256 4290 355 4361 procul
370 4291 601 4347 commentitium
612 4295 665 4348 est.
677 4293 766 4366 Guigo
777 4294 866 4364 enim,
879 4283 907 4343 D
918 4289 1025 4346 fuisset.
1036 4290 1073 4346 Ut
1087 4294 1119 4345 ut
1139 4290 1185 4358 sit,
1204 4290 1302 4361 opinio
1314 4289 1460 4362 equidem,
1490 4305 1554 4362 quea
1576 4287 1725 4344 Parisense

59 4371 181 4446 quintm
193 4374 443 4448 GerthnsiaePrior,
456 4379 487 4435 in
502 4380 564 4436 Vita
573 4379 602 4436 S.
612 4381 868 4454 lingonis,Gretia·
918 4380 1085 4457 prodigium
1098 4379 1176 4436 iuter
1199 4380 1326 4452 privatos
1338 4379 1442 4435 domus
1457 4377 1588 4434 defuncti
1601 4378 1730 4451 parietes

59 4463 224 4535 reponunt
244 4466 382 4539 episcopi,
399 4467 474 4525 illius
488 4485 548 4525 nen
574 4471 731 4541 uteminit3
748 4473 868 4530 dubium
917 4468 1027 4525 factum
1044 4467 1155 4536 statuit,
1169 4467 1549 4523 everisimilitudinemulto
1568 4466 1726 4523 minusab-

59 4555 869 4635 mtemnullumestquinprodigiumhujusmodintpote
918 4558 1028 4624 horret,
1045 4574 1133 4631 quarn
1154 4573 1218 4630 qua
1245 4556 1276 4612 id
1294 4557 1407 4629 publice
1433 4573 1534 4612 coram
1560 4556 1724 4612 innumeras

59 4640 149 4700 simut
162 4646 191 4700 et
203 4643 242 4701 ed
252 4644 660 4704 Canthusbnsemurdinemet
672 4649 868 4723 adllugonem
919 4647 1133 4721 propemodum
1149 4645 1246 4718 popoli
1263 4646 1448 4702 multitudiue
1471 4645 1599 4702 evenisse
1611 4645 1722 4700 astmit.
1817 4686 1823 4691 .

59 4729 361 4805 Gmfienopettunum
375 4735 551 4810 episcopum,
564 4738 732 4811 quipertem
749 4741 871 4797 nonmi·
919 4737 1002 4791 Anne
1012 4735 1131 4792 interim
1141 4736 1236 4809 reipsa
1251 4737 1381 4791 luctuosa
1392 4734 1521 4802 historia,
1535 4734 1723 4805 sivepublice,

60 4817 177 4875 nimam
191 4820 223 4876 in
235 4838 272 4879 eo
281 4823 437 4891 habuisset,
453 4828 595 4896 spectans,
607 4826 785 4901 biographus
795 4829 828 4897 is,
845 4829 868 4885 si
920 4825 979 4882 sive
997 4825 1075 4881 intre
1090 4825 1215 4898 privatos
1225 4824 1330 4880 domus
1353 4824 1480 4881 defuncti
1503 4823 1627 4896 parietes
1651 4822 1724 4877 acei-

58 4906 868 4986 contigissetumquam,sciturusscitumquecommemo·
920 4914 994 4970 disse
1004 4917 1154 4982 statuatur,
1175 4915 1271 4970 locum
1286 4931 1416 4988 unquam
1436 4912 1725 4979 habueritsenctum-

59 4997 321 5063 returnstuiesetin
336 5001 538 5068 lucubratione
557 5017 614 5074 qtra
629 5002 658 5059 S.
685 5004 814 5077 Hugonis
831 5005 870 5061 vi·
921 5020 976 5076 que
989 5007 1120 5058 nostrum
1131 5003 1160 5058 in
1175 5020 1307 5058 eremum
1323 5003 1479 5076 impulerit,
1495 5000 1623 5056 studioso
1639 5000 1725 5057 lecto·

62 5088 126 5141 um
141 5100 264 5143 emnem
279 5092 416 5162 gestaque
433 5090 522 5146 etiam
545 5091 642 5149 minue
667 5094 871 5151 memorabilia
920 5093 945 5147 ri
956 5109 990 5147 ex
1001 5092 1145 5158 omnibus,
1160 5109 1224 5164 quar
1236 5093 1299 5165 jam
1309 5093 1372 5147 fuse
1385 5092 1421 5147 de
1434 5106 1471 5146 ee
1486 5088 1630 5160 disputate
1646 5090 1723 5157 sunt,

61 5172 283 5247 diligentissime
289 5180 512 5250 eeteomplexus‚
522 5179 605 5245 Quod
616 5197 682 5237 vero
696 5183 822 5254 pertinet
832 5184 870 5240 ed
922 5180 1139 5253 dijudicandum
1151 5181 1294 5254 relinquo,
1312 5197 1371 5236 non
1382 5177 1598 5245 sufficientibus,
1613 5160 1726 5232 etmihi

61 5262 124 5320 (hro
138 5264 195 5320 alia
205 5266 347 5340 prodigia,
362 5283 380 5323 a
394 5268 726 5342 Dlomenvennaperiter
742 5289 871 5327 comme·
922 5269 1057 5343 equidem
1070 5273 1199 5343 apparet,
1229 5269 1388 5326 rationibus
1414 5283 1500 5339 supra
1528 5266 1669 5333 eddutcis,
1694 5269 1726 5320 ut

61 5356 190 5422 morata,
201 5357 310 5411 cantet
321 5355 395 5424 haec,
409 5355 512 5427 etjam
528 5356 641 5425 monui,
656 5358 871 5414 veresimillime
922 5359 1002 5414 illam
1017 5360 1062 5415 vel
1080 5362 1160 5415 certo
1177 5375 1275 5415 veram
1295 5358 1340 5413 vel
1362 5359 1439 5412 certo
1465 5357 1569 5412 falsam
1595 5371 1725 5430 pronun·

61 5444 277 5516 commentitia3
293 5444 450 5515 ebionim,
463 5461 523 5520 qao
541 5445 693 5503 idinriete
716 5449 872 5522 probatem
921 5447 1003 5506 dem.
1021 5449 1128 5504 lterum
1144 5447 1243 5516 modo,
1268 5447 1306 5504 ed
1319 5448 1430 5504 neotum
1446 5449 1579 5504 nestrum
1593 5446 1726 5522 specten-

60 5531 113 5602 sit,
137 5535 347 5608 :gementum
374 5533 567 5593 eet-vettdnm
584 5534 819 5609 headeeppetet,
832 5535 873 5594 tte
921 5536 1005 5607 tium,
1021 5537 1126 5595 seriem
1136 5551 1354 5613 prosequamur.
