3772 5976
110 292 161 349 721

618 298 795 358 excosnto
815 301 849 356 m
868 301 1035 360 PSbleOS.
1052 334 1087 343 -
1102 302 1199 359 PSbl..
1216 302 1270 361 XXI

1719 308 1774 367 722

119 414 167 484 qui
182 430 271 487 usque
286 415 359 469 adeo
374 414 478 487 dignus
491 433 565 484 snm,
576 418 921 478 uttibisimconsuhstan-
929 429 956 487 Α
972 424 1113 495 liquescens
1126 427 1154 478 in
1170 426 1266 489 medio,
1280 425 1309 479 id
1328 428 1371 479 est
1393 424 1422 478 in
1445 426 1657 483 coinmunitale
1675 431 1773 485 reatris

114 504 202 567 tialis,
214 503 254 558 ita
264 503 349 558 vilem
356 508 387 558 ut
401 521 540 572 vermem,
553 509 582 560 et
591 509 790 579 opprobrium,
800 514 829 565 ct
839 511 917 582 abje-

110 593 252 659 ctionem,
269 597 296 649 et
312 594 437 648 derisum
463 612 524 649 esse
545 596 708 667 permisisti.
727 598 825 654 Soluto
840 600 917 672 quod

114 682 275 756 proposuit,
288 685 316 736 et
324 682 516 738 incidentibus
530 685 621 740 causis
639 687 783 757 expositis,
801 690 866 742 orat
881 705 917 743 ne

109 789 140 828 se
157 774 233 827 Deus
249 771 411 843 inadjutum
427 773 572 844 relinquat
586 791 618 828 ex
633 775 916 847 toto,praemittendo

116 877 234 934 quoque
250 861 386 915 meritum
403 878 454 934 per
466 862 544 933 quod
558 861 662 933 dignus
676 863 712 917 sit
726 864 864 919 exaudiri.
883 867 916 920 Et

115 950 171 1005 hoe
180 949 219 1004 sic
228 949 296 1004 dicit
308 966 314 1003 ε
325 949 378 1022 lpsi
389 951 428 1005 sic
439 968 526 1006 ornnes
539 951 687 1008 deriserunt
698 970 747 1018 me,
758 955 915 1024 putantesa

107 1043 135 1095 te
155 1038 325 1094 derelictum
339 1056 409 1093 esse.
425 1040 465 1093 Tu
477 1057 545 1095 vero
557 1057 593 1095 ne
606 1040 794 1097 discesserisa
808 1059 867 1108 me,
877 1059 914 1097 ne

113 1128 229 1193 cedam,
247 1130 276 1182 et
290 1130 321 1180 nt
334 1144 493 1199 resurgam.
511 1130 545 1182 Et
556 1145 621 1183 vere
635 1129 693 1184 scio
704 1131 782 1202 qnod
796 1148 855 1186 non
871 1132 913 1187 di-

117 1216 226 1283 scedes,
240 1218 367 1287 quoniam
382 1223 411 1271 tu
426 1234 451 1269 es
466 1220 514 1288 qui
524 1219 662 1272 extraxisti
675 1235 716 1272 me
728 1218 761 1273 de
772 1227 871 1287 ventre,
885 1221 915 1275 id

109 1307 164 1371 est,
179 1305 208 1358 tu
222 1306 298 1359 solus
312 1322 397 1359 cansa
412 1305 488 1359 luisti
511 1322 600 1376 quare
623 1323 764 1361 nascerer.
785 1308 914 1364 Aliorum

111 1409 181 1448 vero
206 1393 422 1464 quodammodo
441 1396 536 1466 patres
552 1398 725 1466 generantes
746 1413 831 1451 eausa
848 1401 916 1451 sunt

114 1498 203 1554 quare
215 1481 267 1553 ipsi
284 1482 319 1536 de
334 1486 433 1537 ventre
446 1484 633 1538 extrahantur
652 1487 681 1538 et
700 1488 864 1539 nascantur.
881 1487 915 1541 Et

107 1575 139 1625 tu
157 1588 187 1624 cs
200 1588 257 1642 spes
270 1587 329 1625 utcu
341 1572 374 1625 ub
391 1573 515 1627 sitierit-ns
533 1576 626 1626 rnatris
639 1591 713 1640 tuce,
727 1574 756 1629 id
771 1577 823 1641 est,
839 1575 869 1628 in
887 1579 915 1629 te

969 516 1029 581 inei,
1045 513 1131 568 idest
1146 516 1354 585 apostolorum,
1364 516 1497 588 quicum
1507 516 1584 587 prius
1594 521 1770 586 essacssent,

968 601 996 657 id
1015 606 1067 670 cst,
1080 603 1170 659 fortes
1186 603 1214 657 in
1231 604 1296 671 tide,
1314 604 1381 659 sacti
1400 608 1467 658 sunt
1483 606 1591 660 debiles
1609 609 1640 659 nt
1661 613 1769 661 venter.

967 692 1049 756 Quod
1069 696 1111 747 est
1126 693 1220 747 dicere
1238 710 1244 747 :
1263 692 1341 747 Sicut
1356 709 1422 748 cera
1437 694 1473 748 ad
1489 697 1636 766 aspectum
1650 695 1723 764 ignis
1737 696 1771 750 ti-

966 781 1086 852 quescit,
1105 781 1144 836 ita
1160 784 1189 835 et
1203 781 1270 835 fidei
1280 782 1413 836 doctrina
1424 782 1460 836 ad
1473 785 1619 853 aspertum
1632 783 1773 854 passionis

965 884 1038 923 mere
1054 870 1081 924 in
1096 869 1165 940 ipsis
1181 869 1287 935 deficit,
1300 874 1329 923 et
1343 887 1401 924 nou
1418 870 1446 923 in
1459 872 1566 940 paucis,
1577 871 1625 924 sed
1638 871 1666 925 in
1677 871 1770 925 ιιιιιιιί-

963 957 1016 1012 bus
1030 958 1235 1013 communiter.
1249 959 1282 1012 Et
1295 958 1359 1013 ideo
1376 976 1522 1012 cormeum
1541 960 1644 1029 fuctum
1661 966 1697 1013 est
1714 965 1771 1013 tun-

963 1061 1045 1118 quam
1057 1064 1116 1100 ceru
1138 1047 1295 1118 liquescens,
1318 1045 1385 1118 qiua
1405 1045 1493 1100 ineis
1516 1049 1588 1100 ornit
1602 1050 1687 1103 uirtus
1702 1066 1770 1110 ricco,

964 1151 1028 1207 quae
1043 1137 1121 1207 prius
1134 1135 1270 1189 tlernitin
1285 1134 1438 1203 miraculis,
1452 1135 1480 1189 id
1491 1139 1543 1202 est,
1558 1135 1693 1190 deiecisse
1714 1137 1772 1191 visa

963 1227 1006 1278 est
1021 1223 1151 1296 potentia
1167 1240 1244 1290 mea,
1260 1222 1372 1296 fragilis
1386 1227 1521 1294 reputata
1534 1224 1570 1278 ab
1584 1224 1624 1278 eis
1640 1231 1770 1296 tunquam

965 1318 1040 1377 testa,
1058 1329 1120 1382 quire
1138 1312 1193 1366 cito
1208 1312 1303 1383 frangi
1316 1315 1418 1382 potest.
1432 1312 1604 1382 Undeetipsi
1617 1313 1768 1368 dixerunt:

966 1423 980 1451 ιι
996 1400 1328 1471 Nossperahamusquod
1339 1399 1384 1454 bic
1393 1401 1597 1470 redempturus
1605 1403 1678 1454 esset
1686 1402 1771 1456 lsrael

967 1488 1040 1553 (Luc.
1051 1492 1162 1549 rimati
1170 1488 1188 1553 l.
1202 1511 1215 1536 ι
1223 1489 1256 1541 Et
1264 1488 1330 1543 ideo
1343 1491 1414 1542 uruit
1423 1489 1452 1543 in
1465 1488 1505 1542 eis
1516 1490 1601 1543 virtus
1615 1506 1690 1543 cneo:
1704 1489 1772 1560 quia

965 1576 1056 1646 lingua
1070 1593 1128 1630 mm
1141 1576 1251 1630 adhesit
1264 1576 1392 1646 suricibus
1407 1579 1470 1630 rucis
1480 1579 1511 1629 ul
1526 1593 1584 1630 non
1593 1578 1770 1647 loqueretur,

109 1677 227 1731 semper
242 1661 363 1731 sperari,
379 1678 412 1714 ex
427 1678 484 1733 quo
499 1662 598 1715 matris
610 1662 700 1716 ubera
714 1679 816 1733 sugere
830 1663 912 1734 caepi.
965 1665 994 1720 id
1010 1668 1063 1732 est,
1073 1664 1140 1738 quia
1151 1665 1340 1719 videruntme
1350 1668 1494 1720 tacentem
1505 1668 1638 1720 utr'eum.
1659 1667 1693 1719 Et
1704 1666 1769 1721 ideo

114 1749 148 1802 Et
163 1766 195 1802 ec
209 1756 283 1804 utero
292 1750 426 1820 projectus
439 1767 497 1803 sum
517 1753 545 1804 iu
560 1757 594 1816 te,
610 1750 639 1804 id
661 1754 713 1816 est,
730 1752 760 1804 ut
776 1751 825 1805 tibi
849 1767 910 1822 per·
930 1751 1057 1810 Badhuc
1073 1753 1140 1826 quia
1159 1753 1294 1806 detinuisti
1306 1771 1346 1806 me
1365 1755 1393 1805 in
1405 1753 1540 1827 pirinei-em
1553 1756 1655 1820 risoriis,
1672 1755 1700 1808 id
1716 1758 1769 1821 est,

108 1837 249 1892 sonaliter
264 1838 373 1905 unirer,
385 1855 450 1892 cnm
466 1855 568 1892 omnes
588 1839 636 1893 alii
658 1839 687 1893 in
708 1838 802 1909 prima
817 1838 916 1893 nativi·
964 1843 1031 1916 qnia
1047 1845 1219 1914 putaverunt
1233 1845 1263 1894 ut
1277 1841 1371 1895 sicma
1385 1841 1562 1912 permisisses
1573 1842 1637 1896 duci
1649 1843 1677 1895 in
1695 1858 1771 1896 mor-

107 1929 167 1981 tate
184 1926 216 1980 in
226 1926 318 1980 Adam
333 1926 532 1997 projiciantur,
547 1929 577 1980 ut
594 1927 650 1981 sint
662 1927 725 1982 eiiu
735 1927 915 2000 peccatoori·
964 1934 1035 1998 tem,
1046 1933 1077 1984 ut
1088 1930 1179 2003 pulvis
1192 1930 1324 1984 efficerer
1334 1928 1405 1983 sicut
1420 1928 1466 1983 alii
1484 1930 1600 1984 mortni.
1613 1930 1717 1984 Etideo
1729 1931 1769 1985 vi-

107 2015 201 2088 ginali
211 2015 384 2069 conformes.
395 2015 714 2087 Diriqniacstspesmeu
727 2016 760 2069 ab
772 2016 913 2081 rudericum
963 2036 1088 2075 sussum
1109 2019 1249 2074 deductus
1278 2021 1305 2072 in
1324 2019 1463 2090 perterrent
1489 2020 1602 2082 ιιιιινιίις
1630 2020 1768 2090 quoniam

107 2108 138 2159 et
155 2106 187 2158 ut
199 2103 359 2175 expressius
375 2104 489 2159 dicam:
511 2104 584 2157 Dens
604 2122 714 2158 rvreirscs
732 2113 760 2157 tn
777 2105 915 2158 daventre
964 2109 1129 2180 turpissima
1158 2117 1252 2163 morte
1278 2108 1579 2162 condemnatussum.
1606 2107 1771 2180 Etespmnit

108 2194 290 2257 nutrieram,
315 2191 344 2245 id
357 2194 400 2245 est
413 2193 504 2246 habeo
523 2196 550 2245 tc
572 2194 660 2246 llcum
685 2209 717 2247 ex
743 2209 800 2264 quo
823 2192 863 2246 sni
884 2192 913 2246 in
963 2212 1020 2266 qua
1037 2201 1140 2251 morte.

106 2286 218 2345 ventre,
238 2281 360 2352 ideoque
376 2299 412 2335 nc
428 2282 572 2335 discesseris
587 2300 602 2334 a
619 2299 669 2343 rrae,
686 2282 771 2336 idest
790 2299 849 2337 non
865 2298 911 2335 me

108 2368 238 2424 dimittas
255 2370 427 2439 inadjutum.
447 2371 478 2423 Et
504 2386 618 2424 neeesse
638 2375 680 2424 est
704 2375 734 2425 nt
750 2372 804 2424 boe
820 2387 912 2425 orem.

143 2458 278 2524 (irroratum
295 2458 431 2512 tribulatio
445 2460 572 2528 primiano
599 2467 646 2521 est,
662 2459 690 2514 id
714 2462 768 2524 est,
783 2459 811 2513 iu
828 2477 913 2514 carne

108 2564 176 2602 mea
188 2547 284 2603 nonin
298 2546 446 2611 membris,
456 2564 549 2618 neque
560 2548 589 2602 iu
601 2546 869 2602 amissionererum.
881 2550 915 2602 Et

107 2652 161 2689 aon
174 2637 269 2706 estqui
281 2634 399 2705 adjuvet,
413 2635 465 2689 nisi
475 2638 516 2688 tu.
527 2637 559 2689 Et
570 2636 686 2708 exponit
696 2635 914 2690 tribulationem

107 2724 148 2778 sic
166 2722 428 2778 :Circumdederunt
447 2740 497 2791 rue,
510 2728 541 2778 nt
556 2728 704 2795 caperent,
726 2725 806 2780 vituli
825 2726 911 2791 inculti,

108 2812 207 2878 idest,
223 2813 304 2868 multi
320 2814 355 2868 de
371 2814 453 2883 plebe
465 2813 559 2867 lascivi
576 2815 606 2866 ut
621 2813 709 2879 vituli,
724 2815 802 2867 nulla
819 2830 913 2879 causa,

107 2901 158 2955 sed
173 2902 235 2956 sola
249 2901 364 2956 lascivia
375 2918 426 2956 sua
442 2918 489 2955 me
505 2901 660 2973 capientes.
678 2903 711 2954 Et
736 2919 777 2955 nie
797 2904 913 2972 captum

999 2284 1133 2350 (liconiam
1154 2285 1384 2339 circumdederunt
1406 2303 1447 2337 ιιιι
1466 2287 1500 2339 ιιι
1522 2289 1658 2355 caperent
1680 2303 1767 2352 canes,

964 2373 991 2426 id
1008 2377 1050 2426 cst
1067 2373 1189 2427 ministri
1206 2373 1294 2438 trrcvlti,
1316 2372 1552 2427 irrationabiliter
1572 2372 1600 2426 in
1626 2390 1671 2427 me
1693 2374 1770 2427 obla-

964 2465 1074 2515 trantes
1088 2478 1094 2514 :
1110 2461 1158 2533 qni
1171 2462 1207 2515 ad
1224 2479 1326 2516 eornm
1338 2462 1459 2516 salntem
1475 2479 1621 2527 veneram,
1637 2462 1708 2515 sicut
1722 2480 1768 2517 ca-

964 2567 1016 2605 nes
1024 2566 1100 2621 saepe
1111 2549 1164 2605 sibi
1173 2550 1374 2605 auxiliantibus
1386 2551 1541 2608 oblatrant.
1550 2552 1584 2604 Et
1595 2567 1642 2604 me
1653 2555 1769 2621 (sapitum

963 2639 1106 2693 eoricr'tinm
1118 2638 1338 2708 malignantium,
1355 2637 1382 2693 id
1398 2641 1451 2702 est,
1467 2639 1629 2711 priimipnm
1644 2639 1769 2710 rivaligne

963 2726 993 2780 in
1009 2743 1056 2781 me
1072 2726 1233 2797 agentium,
1246 2727 1354 2793 obsedit,
1365 2726 1392 2780 id
1402 2731 1445 2780 est
1454 2726 1678 2781 circumvallavit
1691 2742 1771 2780 accii·

963 2812 1122 2869 sationibus
1137 2832 1173 2869 ne
1187 2815 1351 2869 evaderem.
1367 2816 1399 2868 Et
1413 2817 1514 2886 postea
1531 2832 1536 2869 :
1557 2814 1695 2869 Foderunt
1710 2833 1768 2869 rnu-

964 2920 1094 2956 rricsmeas
1110 2909 1134 2956 ct
1139 2903 1219 2974 pedes
1225 2920 1293 2956 meos
1302 2903 1331 2956 in
1341 2920 1435 2957 cruce.
1447 2904 1742 2960 Etadeoextenderun
1748 2907 1767 2971 t,

107 2991 275 3058 obsederunt,
290 2992 320 3046 id
335 2996 387 3058 est,
404 2991 631 3047 accusationibus
644 2992 701 3045 suis
716 2992 913 3047 circumvalla·
964 2991 1042 3062 qnod
1052 2992 1288 3045 dinumeraverunt
1302 2993 1391 3045 ercinia
1408 3008 1546 3057 ossanna,
1568 2992 1596 3045 id
1613 2996 1665 3054 est,
1685 2992 1767 3046 dinn-

107 3083 214 3134 eerunt
228 3096 264 3133 ne
280 3080 441 3134 evaderem.
461 3080 548 3134 Tauri
559 3082 682 3150 pingues,
698 3078 913 3146 idest41ndaeo-
965 3096 1119 3135 numerare
1130 3080 1334 3151 potueruutEt
1344 3080 1398 3134 boc
1405 3081 1641 3149 scelerepatrato,
1653 3097 1711 3134 non
1719 3080 1768 3135 do·

105 3184 173 3223 rum
186 3167 330 3238 principes
345 3168 478 3222 cervicosi
488 3172 517 3222 ct
532 3168 647 3238 superbi
657 3168 768 3222 uttauri
780 3168 912 3240 pingues.
963 3168 1092 3236 luerunt;
1104 3169 1154 3223 sed
1167 3167 1219 3238 ipsi
1230 3185 1301 3239 qivos
1316 3169 1424 3222 salvare
1443 3184 1589 3233 veneram,
1599 3168 1701 3239 quibus
1712 3167 1767 3222 mi-

106 3256 142 3311 ut
160 3272 219 3311 non
232 3273 265 3310 ex
281 3256 389 3311 meritis
404 3256 475 3310 meis
489 3256 581 3323 malis,
592 3257 641 3311 sed
653 3258 712 3311 sola
726 3257 911 3329 pinguedine,

107 3345 137 3401 id
152 3345 349 3416 est,superbia
365 3363 425 3400 sna.
443 3346 476 3400 Et
494 3344 558 3417 ipsi,
573 3349 602 3399 et
614 3346 693 3399 vituli
707 3348 736 3399 et
750 3346 833 3413 tauri,
851 3363 912 3416 upe-

71 3449 74 3453 ’
106 3441 222 3488 ruerunt
229 3451 340 3488 ossuum
348 3450 474 3504 superma
485 3434 649 3501 existentes,
660 3433 737 3488 idest
747 3450 775 3487 se
786 3434 913 3504 superio·

105 3540 153 3579 res
166 3540 213 3578 me
223 3526 401 3595 reputantes,
414 3523 543 3577 dieentes
553 3541 559 3577 :
571 3547 584 3573 ιι
596 3522 736 3593 Crucitlge
748 3522 824 3592 (Luc.
834 3538 910 3590 ιιιιι,

105 3611 162 3680 at).
176 3631 190 3658 ιι
206 3610 362 3665 Existentes
376 3613 443 3665 siccut
467 3612 515 3677 teo,
538 3611 566 3666 id
592 3615 644 3676 est,
669 3611 799 3665 crudeles
822 3613 852 3663 ut
867 3610 911 3664 leo

105 3700 211 3770 rapiens
227 3701 367 3770 quantum
381 3700 416 3753 ad
437 3699 550 3764 vitulos,
568 3699 615 3770 qni
634 3716 681 3752 me
698 3701 866 3770 rapuerunt,
883 3697 912 3752 id

104 3791 158 3853 est,
174 3787 411 3842 irrationabiliter
423 3791 572 3859 ceperunt.
591 3786 629 3840 Et
645 3787 761 3856 rugiens,
771 3786 799 3840 id
810 3790 862 3851 est,
873 3785 911 3839 ir-

105 3874 318 3930 rationabiliter
333 3875 361 3928 in
376 3893 421 3929 me
436 3877 604 3942 trementes,
621 3875 657 3928 ad
674 3875 792 3928 modum
809 3874 909 3928 leonis.

106 3963 138 4016 El
155 3964 209 4018 hoo
223 3964 364 4035 qnantum
376 3965 412 4018 ad
425 3981 527 4019 ‹inines
541 3967 570 4019 et
583 3964 685 4018 vitulos
705 3968 734 4017 et
756 3967 862 4016 lauros.
879 3963 913 4015 Et

105 4067 166 4105 non
179 4051 273 4105 solum
285 4053 339 4105 hoc
354 4053 495 4118 iecerunt,
511 4053 560 4107 scd
576 4056 605 4106 et
618 4055 716 4123 efflans
727 4068 796 4117 sicin,
814 4050 841 4104 id
871 4053 913 4105 est

106 4138 208 4194 anima
221 4139 310 4193 eliusa
325 4143 367 4193 est
383 4140 417 4193 dc
433 4157 563 4211 corpore.
583 4141 649 4194 bico
665 4143 763 4211 (effusius
777 4156 911 4209 stratege,

108 4227 173 4282 dieo
189 4227 313 4282 existens
325 4230 393 4281 sieut
406 4246 487 4299 reque,
506 4228 534 4282 id
557 4232 609 4294 est,
626 4227 727 4283 similis
740 4244 832 4299 aquae,
848 4244 912 4298 qua.

963 3259 1061 3311 recula
1071 3257 1209 3323 feceram,
1228 3257 1469 3323 consideraverunt,
1482 3261 1510 3310 et
1525 3256 1583 3326 (pro
1598 3256 1713 3316 scilicet]
1729 3260 1768 3310 tu·

961 3351 1112 3416 sperarunt,
1128 3343 1156 3397 id
1173 3348 1216 3398 est
1231 3344 1259 3398 in
1275 3344 1468 3399 delectatione
1484 3347 1656 3415 aspexerunt
1675 3361 1721 3399 me
1737 3344 1767 3399 in

962 3450 1045 3489 eruce
1061 3432 1198 3503 positum.
1214 3434 1248 3487 Et
1262 3438 1362 3504 postea
1379 3432 1526 3487 diviserunt
1540 3433 1592 3486 sibi
1614 3436 1767 3487 rcestinreuta

962 3539 1030 3588 enea,
1047 3529 1072 3575 et
1086 3539 1164 3592 super
1185 3529 1280 3575 uestem
1296 3539 1392 3588 uteunr,
1409 3539 1472 3592 quas
1495 3520 1672 3576 inconsutilis
1694 3526 1765 3588 crat,

961 3611 1089 3662 miseruut
1101 3615 1197 3662 sortem
1208 3609 1253 3662 cui
1264 3609 1390 3675 cederet,
1399 3632 1412 3658 ιι
1423 3610 1623 3663 nolervtesoam
1637 3611 1766 3664 scindere

962 3696 1052 3766 (duan.
1067 3712 1140 3763 xxix,
1159 3698 1214 3765 bl),
1234 3719 1246 3743 ιι
1264 3696 1330 3767 quia
1345 3696 1468 3766 pretiosa
1483 3701 1554 3749 crat.
1572 3697 1601 3749 ln
1630 3697 1767 3750 divisione

961 3784 1768 3853 verovestimentornm,eornmavaritiamostenditprae-

961 3872 1059 3926 dicens
1072 3872 1160 3927 etiam
1178 3873 1231 3926 hoc
1247 3872 1412 3944 prophetico
1424 3872 1458 3925 ad
1470 3872 1687 3925 instructionem
1701 3872 1771 3926 lidci'

962 3977 1168 4015 successorum.
1188 3962 1285 4014 Potest
1298 3960 1384 4014 ctiam
1402 3959 1431 4012 in
1448 3959 1502 4012 lioc
1517 3959 1610 4024 figura
1623 3957 1765 4011 denotari.

967 4048 1126 4102 Vestimenta
1153 4047 1230 4100 cuim
1256 4045 1382 4111 discissa,
1414 4043 1575 4114 Scripturas
1602 4043 1765 4114 designant,

961 4140 1205 4209 quaeestimcnta,
1221 4135 1315 4201 idest,
1333 4134 1517 4188 irrunimcnta
1538 4133 1667 4186 Ecclesia
1690 4135 1765 4200 suist,

962 4226 1196 4298 quaebeicorpus
1212 4227 1265 4291 est,
1274 4241 1338 4296 quur
1345 4223 1381 4278 ab
1388 4222 1529 4278 lumetieis
1541 4222 1615 4276 orale
1624 4238 1768 4293 exponen-

107 4314 199 4369 effusa
213 4315 328 4370 ruinam
342 4332 443 4386 parare
460 4318 531 4370 solet
541 4335 548 4383 ;
557 4317 595 4371 sic
606 4320 694 4387 elego
708 4316 811 4369 etiusus
823 4315 911 4370 hesti-
925 4318 951 4378 Ι)
963 4313 999 4368 do
1007 4313 1219 4377 scinduntur,ut
1226 4312 1294 4366 alibi
1302 4311 1464 4366 Psalmista:
1477 4334 1489 4360 ιι
1499 4311 1566 4374 Ocra
1577 4313 1604 4363 tn
1612 4308 1766 4379 perfecisti,

107 4402 161 4457 bus
170 4404 243 4458 meis
252 4404 368 4459 ruinam
374 4404 525 4476 parabo,id
534 4409 575 4458 est
585 4403 819 4459 destructionem.
831 4402 913 4457 Unde

108 4491 139 4546 in
151 4492 305 4563 Evangelio
319 4510 325 4545 :
342 4516 355 4541 ιι
368 4493 437 4546 Ecce
447 4492 553 4562 positus
566 4493 661 4547 estbic
670 4493 699 4545 in
712 4492 837 4557 ruinam,
847 4491 912 4545 etin

106 4580 352 4635 resurrectionem
369 4582 527 4635 nmltorum
544 4581 574 4635 in
590 4582 674 4634 lsrael
691 4580 768 4651 (Luc.
787 4597 817 4646 u,
831 4581 885 4640 34).
898 4600 912 4627 ιι

108 4667 158 4721 Vel
175 4667 214 4721 sic
229 4685 235 4722 :
250 4668 363 4739 Efferus
375 4686 437 4725 sitm
456 4670 484 4723 in
500 4671 625 4723 mortem
639 4672 708 4723 sicut
728 4686 809 4740 epita,
826 4666 855 4721 id
872 4670 914 4721 est

108 4770 175 4810 cum
185 4742 911 4828 tantassltvilipensione,qnanlaaqnaetlnnditur.

108 4843 235 4915 ldeoque
248 4845 369 4915 dispersu
385 4853 446 4899 sunt
468 4846 497 4899 in
511 4839 610 4916 lugam
626 4846 718 4899 arania
729 4862 785 4898 ossa
799 4859 867 4911 mea,
885 4843 914 4897 id

109 4934 153 4986 est
168 4933 267 5004 populi
278 4934 326 5004 qui
340 4938 406 4988 sunt
415 4933 588 4987 robustiores
600 4933 628 4986 in
638 4932 915 5000 Ecclesia,sieutossa

109 5021 287 5077 robustiores
295 5026 391 5092 partes
399 5021 527 5093 corporis
536 5021 841 5092 sunt.Undeseriptum
852 5023 894 5074 est
906 5037 913 5075 ι

111 5131 126 5158 ι
136 5110 215 5163 Tunc
226 5109 357 5182 discipuli
368 5127 480 5178 omnes,
490 5109 588 5164 relicto
600 5127 645 5176 eo,
658 5108 913 5181 ingerunt(tl!attlt.

109 5214 184 5263 xxvi,
198 5198 253 5267 56).
270 5219 282 5244 ιι
301 5199 334 5251 Et
345 5200 487 5270 propheta
502 5215 532 5251 ει
545 5197 707 5252 percutiam
720 5201 875 5268 pastorem,
887 5200 916 5251 et

109 5288 314 5360 dispergentur
329 5305 394 5342 oves
410 5287 507 5363 (cht.
526 5304 586 5354 xm,
601 5292 638 5352 7).
656 5309 669 5335 ιι
687 5288 720 5340 Et
741 5304 800 5341 non
822 5288 914 5340 solnm

108 5376 226 5447 dispersa
240 5383 319 5439 sunt3
332 5376 380 5430 sed
397 5376 485 5431 etiam
501 5395 546 5429 cor
559 5393 655 5439 arreum,
680 5375 708 5429 id
728 5379 770 5429 est
786 5374 917 5430 doctrina

111 5480 177 5536 qnae
188 5464 409 5534 processeratdc
420 5464 506 5519 corde
517 5481 582 5518 ineo
596 5481 683 5534 quam
695 5465 915 5529 cosducueram,

108 5553 139 5609 id
153 5556 208 5618 ost,
223 5569 270 5607 me
283 5555 523 5618 resurrecturum,
537 5567 573 5605 cst
587 5554 691 5621 pictum
705 5535 842 5622 lanienam
857 5569 917 5605 cero

963 4402 1164 4457 destruxerunt
1180 4401 1294 4471 (Psatm.
1313 4417 1340 4466 x,
1354 4400 1392 4471 3).
1408 4421 1421 4447 ιι
1438 4399 1527 4453 Vestis
1540 4401 1637 4452 autem
1648 4414 1712 4469 qnae
1724 4398 1767 4451 iu·

963 4489 1061 4557 divisa,
1072 4493 1148 4544 sorte
1159 4490 1226 4544 dala
1234 4489 1298 4554 suit,
1308 4488 1394 4542 fidem
1402 4488 1600 4558 incorruptam
1615 4485 1766 4557 signilleat;

963 4594 1027 4648 qnae
1042 4576 1126 4631 vestis
1134 4581 1177 4631 cst
1189 4577 1328 4643 lldelium,
1339 4592 1403 4647 qua
1413 4575 1503 4629 scindi
1515 4575 1550 4629 ab
1561 4574 1768 4629 hareticisnon

964 4670 1148 4739 potest3quos
1162 4666 1250 4720 etiam
1266 4668 1353 4732 sorte,
1364 4665 1392 4719 id
1408 4669 1460 4731 est,
1478 4664 1528 4719 llei
1539 4664 1681 4718 electione
1698 4663 1767 4717 tide·

963 4754 1146 4811 libussuturis
1157 4755 1251 4821 datur,
1260 4770 1319 4807 non
1328 4770 1430 4808 eorum
1444 4752 1563 4807 moritis.
1573 4753 1621 4806 Vol
1630 4752 1770 4821 itapotest

963 4843 1020 4915 legi
1033 4844 1069 4898 ab
1083 4843 1131 4897 illo
1144 4843 1206 4897 loco
1221 4841 1268 4896 uhi
1286 4842 1355 4897 dixit
1372 4858 1379 4897 ε
1398 4840 1475 4896 Sicut
1495 4859 1566 4912 aqua
1587 4842 1686 4910 assuerus
1699 4856 1768 4904 scrin,

964 4937 1018 4988 etc.
1033 4931 1101 4986 Dico
1113 4931 1181 5002 quia
1190 4938 1436 5002 uperncrnutsupcr
1448 4948 1521 4983 ruetis
1531 4945 1620 4983 saturn.
1634 4928 1667 4980 vlt
1681 4926 1768 4981 etiam

965 5022 1065 5091 effusus
1076 5036 1134 5072 sucu
1149 5020 1185 5073 ab
1203 5019 1244 5073 eis
1260 5019 1290 5072 ia
1306 5020 1434 5072 mortem
1460 5018 1528 5070 sictut
1551 5033 1621 5086 aqna
1635 5013 1768 5080 existens,

965 5109 995 5165 id
1008 5112 1050 5164 est
1063 5108 1266 5178 comparabilis
1287 5123 1378 5179 aquae.
1398 5107 1479 5173 Nam,
1500 5104 1572 5158 sieut
1596 5120 1671 5174 aqua
1696 5103 1771 5156 larat

965 5214 1098 5270 corpora,
1113 5199 1151 5252 sic
1159 5202 1248 5268 etego
1260 5198 1354 5250 morte
1365 5212 1431 5248 mea
1442 5194 1554 5248 auinvas
1564 5192 1698 5261 originali
1707 5192 1770 5247 labe

967 5288 1053 5342 ablui.
1066 5287 1134 5342 llice
1151 5285 1218 5358 quia
1234 5287 1332 5356 efflans
1343 5300 1402 5337 sum
1413 5283 1448 5336 ad
1465 5282 1519 5336 boc
1536 5284 1565 5334 ut
1582 5297 1673 5335 essem
1690 5298 1770 5351 upon,

968 5376 995 5430 id
1009 5379 1051 5429 est
1066 5375 1211 5447 purgatio.
1229 5374 1262 5426 Et
1273 5373 1311 5425 sic
1326 5371 1432 5426 scilicet
1445 5369 1625 5440 luipnrgutio
1639 5387 1645 5422 ι
1657 5370 1773 5439 dispersa

967 5463 1144 5517 sicntscilicet
1159 5461 1196 5516 ad
1212 5459 1428 5531 praedicantum
1452 5476 1504 5530 pcr
1521 5461 1612 5513 tolum
1630 5457 1771 5511 nviindnm

967 5555 1032 5623 post
1048 5555 1174 5606 vrrertem
1188 5551 1393 5617 incommutata
1407 5567 1462 5602 ossa
1472 5565 1540 5609 vitea,
1553 5547 1631 5600 idest
1644 5545 1774 5618 discipuli
