3772 5970
104 276 152 337 831
407 272 436 336 S.
456 280 629 338 BRUNONIS
650 278 966 338 canrflusran'onuu
986 274 1220 335 rn'srrrtrroms
1240 274 1317 334 0PP.
1337 272 1427 333 PARS
1445 270 1458 331 Ι
1713 276 1765 332 832

103 397 216 467 faciles,
233 397 403 454 admodum
422 398 556 455 seminini
566 417 657 466 sexus,
674 400 721 472 qui
736 399 948 462 debiliorestA
963 397 1029 452 dine
1044 395 1201 470 populib't
1212 396 1362 451 obliviscere
1375 395 1580 467 domnmpotris
1596 401 1637 450 tur
1648 393 1765 462 diaboli,

104 487 264 542 masculino
275 488 910 561 ;seuetiarnutostcndatmaximooultuprae·
961 488 1087 541 neultra
1102 485 1171 540 velis
1192 502 1253 541 esse
1279 485 1384 541 domus
1399 485 1460 556 ejus
1475 488 1504 539 et
1516 484 1642 539 mansio.
1661 484 1696 537 Et
1712 483 1764 539 hoe

104 575 255 632 dicationis
266 593 315 631 eos
325 593 410 648 egere
423 592 429 631 :
441 577 477 632 ad
489 578 608 632 modum
626 578 761 643 filiarum,
772 594 835 648 quer.
847 593 909 631 ma·
959 574 1068 646 ponita
1082 574 1270 629 similitudine
1283 589 1405 646 sponsae,
1414 590 1478 644 quaa
1490 589 1597 644 sponso
1607 589 1697 645 quem
1708 571 1765 628 dili·

100 665 159 734 jori
174 666 251 720 cultu
268 667 354 735 egent
365 682 452 736 qnam
466 666 533 720 filii:
549 669 577 720 et
592 668 708 736 per-boc
722 683 770 721 eos
784 667 909 720 multum
959 662 1002 734 git
1018 664 1100 717 valde
1122 664 1287 734 conjuncta,
1316 663 1377 733 ejus
1403 662 1510 717 amoris
1536 678 1624 717 causa
1638 661 1765 733 poputum

104 752 329 806 sulrditosiaciat
339 753 592 824 praedicationibus
608 739 692 825 146
706 755 793 826 quiin
807 770 909 808 eorum
960 770 1043 806 snum
1059 757 1087 807 et
1101 752 1210 806 «tomam
1221 755 1308 823 petris
1323 752 1506 808 obliviscitur.
1522 750 1656 807 Ostendit
1671 752 1764 805 antem

105 840 182 892 cultu
194 840 426 895 valdelabnrant.
437 843 520 897 Juxta
529 843 598 897 illud
608 845 727 914 apostoli
740 860 746 897 :
766 866 779 893 e
789 842 910 897 Obedite
958 858 1023 912 qum
1040 842 1080 897 illi
1098 842 1166 896 inde
1181 842 1289 895 utilitas
1303 841 1464 912 continget,
1480 841 1501 894 si
1526 838 1722 905 obliviscatur,
1737 841 1765 894 at

104 928 265 998 praepositis
284 929 394 991 vestris,
411 933 440 983 et
454 931 598 1002 subjacete
614 933 664 985 eis.
682 931 736 1003 lpsi
753 932 830 985 enim
844 946 909 1001 per·
959 930 1052 1002 magis
1063 931 1172 985 eamad
1183 930 1237 985 hoc
1248 931 1385 996 attrahat,
1395 930 1451 984 sic:
1465 931 1498 983 Et
1513 929 1535 984 si
1549 927 1678 983 audieris
1686 931 1716 982 et
1728 925 1764 981 vi·

104 1013 233 1081 vigilant,
242 1016 321 1085 qnasi
337 1017 480 1072 rationem
499 1035 550 1090 pro
562 1019 714 1073 animabus
727 1018 827 1072 vestris
843 1017 908 1070 red·
960 1020 1035 1074 deris
1046 1022 1074 1073 et
1090 1020 1180 1075 oblita
1200 1019 1306 1074 lucris:
1322 1035 1378 1085 rer,
1395 1018 1480 1073 idest
1498 1017 1627 1090 Sponsus
1647 1020 1712 1072 tuus
1724 1016 1773 1076 Fir

106 1102 203 1169 ditari,
218 1107 321 1158 utcum
336 1106 442 1176 gaudio
455 1107 510 1161 hoc
524 1107 629 1161 saciant
643 1109 671 1160 et
684 1123 742 1160 non
758 1110 909 1175 gementes
959 1109 1014 1163 lins
1029 1125 1121 1175 meus,
1133 1108 1180 1181 qui
1193 1113 1220 1163 te
1237 1109 1502 1179 reget,coreupiscet
1516 1107 1636 1161 decorem
1650 1104 1764 1171 tamid

104 1190 185 1254 (Hel.
213 1209 272 1259 run,
298 1194 352 1258 lii.
384 1196 502 1249 Peracta
532 1196 743 1259 admonitione,
769 1197 797 1249 et
824 1194 908 1247 laudo
959 1186 1762 1267 est,adamabittepropterdecoremvirtutumtnarum,

104 1280 210 1350 sponsi,
221 1281 256 1335 ad
267 1282 444 1337 laudandum
457 1284 710 1338 etadmonendum
721 1299 857 1353 sponsam
867 1281 909 1335 in·
959 1285 995 1340 ad
1003 1283 1222 1339 similitudinem
1231 1284 1765 1356 sponsaagua·prodecoresuoaspou·

104 1367 206 1431 tendit,
225 1372 255 1422 ut
269 1386 334 1424 eam
350 1372 536 1426 attentiorem
544 1372 580 1425 ad
595 1371 791 1427 obediendum
802 1384 908 1441 sponso
958 1373 1161 1428 soadamatur.
1172 1375 1204 1427 Et
1216 1390 1282 1428 vere
1292 1373 1393 1427 andire
1405 1372 1491 1428 debes
1506 1389 1585 1439 eum,
1599 1375 1631 1426 et
1641 1371 1763 1427 oblivisci

104 1456 218 1510 reddat.
232 1458 264 1510 Et
276 1458 330 1511 troc
342 1458 381 1513 sic
394 1459 478 1514 lacit:
495 1459 704 1529 Astititrepino,
716 1463 768 1514 etc.
781 1457 862 1524 Quod
871 1457 909 1512 sic
958 1467 1078 1535 propter
1093 1479 1160 1517 eum
1171 1463 1312 1534 populum
1321 1465 1415 1528 tuum,
1432 1465 1462 1516 et
1476 1462 1598 1516 domum
1611 1460 1704 1532 patris
1713 1460 1762 1527 tui,

105 1545 271 1600 continuat:
291 1547 514 1618 Dico,Fili,qnod
526 1546 795 1618 adeospeciosuseris
805 1548 906 1616 sorano.
958 1552 1087 1622 paconium
1104 1552 1161 1621 lpse
1171 1558 1209 1603 ert
1221 1550 1354 1604 Dominus
1368 1549 1441 1604 Deus
1457 1556 1526 1603 tuus.
1543 1551 1672 1622 AEquum
1687 1548 1763 1603 enim

104 1630 208 1700 Reputo
224 1637 332 1701 antem,
352 1635 381 1689 id
403 1640 456 1701 est,
476 1635 598 1690 Ecclesia
613 1635 758 1705 primitiva
773 1637 910 1705 sponsata
959 1643 1002 1694 est
1018 1643 1048 1693 ut
1063 1639 1187 1695 Domino
1211 1639 1325 1705 ancilia,
1343 1641 1372 1693 et
1395 1641 1453 1694 Deo
1471 1641 1605 1694 ereatura
1620 1654 1673 1693 sna
1700 1638 1763 1693 obe·

104 1719 167 1787 tibi,
184 1721 279 1789 idest,
297 1724 348 1778 snb
364 1724 552 1779 matrimonio
569 1725 782 1779 conformitatis
798 1728 827 1777 et
840 1722 908 1776 fidei
923 1719 1030 1782 Bdiat.

106 1809 262 1879 conjuncta
274 1828 280 1864 :
298 1828 383 1882 qnam
396 1813 430 1866 de
441 1813 543 1866 ancilla
552 1812 693 1882 reginam,
705 1813 828 1866 deservo
838 1812 909 1866 libe·
994 1816 1277 1888 Annuntiatquoque
1288 1816 1505 1872 conversionem
1515 1813 1763 1888 gentilitatis,cum

107 1912 169 1950 rarn
188 1902 281 1953 morte
296 1903 345 1954 tua
357 1901 442 1954 iacies
459 1917 465 1954 :
484 1903 578 1968 ostitit,
599 1901 626 1955 id
646 1906 699 1967 est,
715 1900 820 1955 astabit
835 1901 906 1955 tibi:
958 1904 1046 1958 dicit:
1062 1904 1101 1958 Et
1111 1905 1262 1958 odorabunt
1277 1921 1337 1958 eum
1352 1911 1376 1957 et
1388 1904 1454 1974 filice
1469 1904 1548 1974 Tyri,
1561 1907 1617 1958 etc.
1630 1902 1715 1968 Quod
1726 1902 1763 1957 sic

105 1995 207 2065 parata
219 1989 255 2043 ad
266 1988 479 2057 obediendnm3
499 2006 579 2042 mure
596 1989 665 2042 boni
681 1989 766 2054 servi,
781 1988 908 2059 quiante
958 1993 1142 2047 corstinuatur
1156 2009 1162 2046 ε
1176 1992 1236 2048 Diri
1246 1992 1324 2063 quod
1336 1992 1411 2048 Filio
1422 2008 1488 2047 meo
1500 1992 1605 2046 astabit
1615 1991 1727 2062 regina,
1735 1989 1764 2044 id

105 2079 383 2149 liominnnrsempcr
395 2076 909 2147 astat‚adnntnmetiamobedirepa·
958 2083 1000 2134 est
1015 2081 1133 2135 ecelesia
1148 2080 1308 2152 primitiva,
1325 2085 1355 2135 et
1372 2097 1432 2136 non
1448 2079 1634 2135 solummodo
1651 2077 1762 2133 baecilli

108 2166 296 2223 ratusEthoc
307 2164 400 2236 ipsum
413 2165 610 2235 quodurtotit,
624 2165 761 2236 procedet
778 2183 793 2217 ((
810 2165 908 2219 destris
958 2169 1074 2235 astabit,
1091 2169 1141 2223 sed
1169 2169 1320 2222 odorabunt
1340 2186 1400 2222 curn
1421 2176 1455 2228 et.
1473 2168 1503 2222 id
1529 2170 1572 2222 est
1584 2167 1686 2234 eliam,
1703 2167 1764 2235 filie

107 2259 169 2323 tuis,
180 2254 209 2308 id
220 2257 272 2320 est,
289 2270 305 2307 a
319 2252 593 2325 propitiationem,
610 2270 669 2307 non
680 2270 697 2308 a
708 2253 819 2307 meritis
828 2253 906 2322 ejus:
958 2257 1036 2326 Tprr',
1052 2256 1080 2311 id
1096 2260 1139 2311 est
1158 2257 1262 2311 animae
1278 2256 1458 2328 gentilitatis,
1474 2256 1558 2311 laetae
1580 2255 1645 2325 filie
1668 2270 1722 2326 per
1736 2254 1765 2307 ti·

105 2345 253 2400 dexteram
269 2357 321 2411 pro
334 2341 537 2411 propitiatione
548 2341 640 2413 pouit,
653 2341 764 2411 quiaad
777 2341 827 2395 Dei
843 2341 908 2396 der·
958 2345 1035 2399 dem.
1053 2346 1106 2398 Per
1115 2344 1222 2413 Tyrum
1231 2360 1309 2410 vero,
1321 2342 1389 2414 quia
1403 2345 1481 2398 locus
1488 2347 1531 2398 est
1546 2343 1763 2413 gentiumgen·

104 2436 200 2487 teram
228 2429 362 2484 dicuntur
374 2429 545 2494 concessuri,
575 2430 623 2500 qui
648 2430 744 2485 divina
768 2429 906 2503 propitia·
956 2433 1043 2488 tilitas
1054 2432 1232 2503 intelligitur,
1250 2434 1280 2486 ln
1297 2431 1761 2487 llebrceatranslationehabetur:

107 2520 186 2574 tione
202 2521 268 2573 sunt
283 2517 312 2571 in
328 2516 424 2571 loturo
440 2517 577 2572 salvandi.
589 2517 657 2572 bico
670 2517 792 2572 astabit:
810 2521 839 2572 et
853 2519 907 2573 hoc
957 2521 1107 2575 odorabunt
1120 2538 1180 2575 eum
1193 2521 1335 2590 fortissimi
1347 2521 1425 2590 Tyri,
1443 2520 1533 2587 idest,
1547 2519 1762 2573 venerabuntur

109 2609 260 2671 investita,
290 2609 391 2660 etuon
419 2605 506 2671 foedo,
536 2606 586 2661 sed
606 2606 745 2672 deceroto,
761 2605 790 2660 id
812 2609 864 2671 est,
878 2605 907 2660 in
958 2626 1024 2663 eum
1038 2612 1180 2680 martyres
1194 2609 1229 2663 de
1244 2608 1389 2679 gentibus,
1405 2608 1453 2680 qui
1470 2607 1620 2662 fortissimi
1636 2606 1759 2662 ernntin

104 2695 281 2768 perfectione
291 2693 427 2747 virtutum
437 2709 493 2766 qua
502 2693 907 2760 ornabitur,sicotvestimento
958 2698 1091 2769 angustia
1106 2698 1336 2751 tribulationum.
1360 2681 1760 2768 {47Tyrusenimonpuslio

104 2784 230 2856 pretioso
246 2799 350 2854 corpus
371 2787 500 2837 ornatur.
524 2785 578 2838 Per
592 2798 693 2837 aurum
711 2785 808 2836 antem
831 2780 908 2855 quod
958 2787 1164 2858 interpretatur
1177 2804 1184 2840 :
1199 2790 1227 2841 et
1242 2803 1301 2842 non
1318 2786 1482 2840 adorabunt
1494 2801 1590 2839 vacuae
1602 2800 1620 2838 a
1633 2783 1759 2838 muneri·

105 2873 256 2928 metallum
266 2870 475 2942 pretiosumest
487 2871 659 2936 etsolidum,
671 2871 808 2942 perfectio
819 2870 907 2924 virtu·
956 2876 1009 2931 bus
1021 2894 1028 2944 3
1039 2877 1089 2931 sed
1104 2879 1136 2931 in
1150 2877 1314 2941 mannitus,
1332 2875 1361 2929 id
1376 2878 1431 2941 est,
1448 2874 1477 2928 in
1486 2873 1637 2929 offerendo
1654 2873 1758 2944 seipsas

105 2966 170 3017 tum
186 2960 333 3030 accipitur.
352 2959 386 3012 Et
401 2975 458 3014 non
467 2959 495 3013 in
512 2959 634 3031 simplici
643 2960 756 3014 vestitu.
771 2959 800 3013 id
815 2958 941 3035 esting
958 2981 1091 3020 munera.
1107 2966 1190 3020 Juxta
1205 2964 1276 3018 iliud
1291 2980 1297 3018 :
1315 2962 1447 3035 Quisquis
1459 2960 1651 3033 eogitatqnod
1662 2962 1759 3017 voveat

104 3067 162 3107 una
183 3050 243 3105 sola
257 3048 371 3115 virtute,
393 3048 443 3102 sed
462 3048 635 3115 cr'rernudotu,
652 3049 681 3103 id
697 3051 749 3111 est,
767 3048 907 3103 adornata
959 3053 1094 3120 Domino,
1124 3052 1248 3123 seipsum
1263 3055 1407 3123 praeparet
1428 3054 1456 3103 et
1482 3052 1592 3104 voveat.
1611 3049 1669 3104 Hoc
1683 3047 1759 3102 enim

104 3142 233 3194 verietate
248 3138 404 3192 virtutum:
421 3137 637 3192 asimilitudine
652 3153 776 3209 sponsae,
789 3154 852 3208 quae
862 3153 908 3191 va·
958 3140 1093 3213 exigitur,
1109 3142 1163 3195 hoc
1179 3141 1301 3195 debetur
1327 3140 1389 3193 Non
1404 3139 1605 3193 solnmautem
1619 3152 1757 3209 pauperes

103 3227 153 3284 riis
168 3225 291 3298 gemmis
303 3226 470 3280 adornatur.
957 3229 993 3284 de
1007 3231 1080 3300 Tyro
1098 3229 1260 3283 adorabunt
1269 3231 1315 3282 te:
1330 3227 1380 3282 sod
1393 3234 1418 3281 et
1428 3243 1525 3291 omnes,
1537 3224 1567 3280 id
1581 3228 1636 3291 est,
1650 3224 1757 3280 omnis·

138 3314 304 3370 Notandum
320 3316 417 3367 autem
431 3313 508 3384 qnod
525 3312 662 3368 ideoeam
674 3331 726 3385 per
740 3313 907 3369 similitudi·
958 3318 1037 3372 modi
1052 3319 1146 3372 diriter
1156 3317 1251 3388 pletis,
1268 3316 1297 3371 id
1313 3319 1365 3381 est,
1378 3314 1478 3370 divites
1501 3312 1529 3367 in
1544 3311 1706 3384 plebeiis,id
1720 3314 1758 3367 est

104 3418 174 3459 nem
189 3400 342 3456 visibilium
356 3402 596 3455 ornamentorum
609 3403 719 3471 laudat,
730 3407 761 3458 ut
770 3403 861 3475 magis
872 3402 908 3458 ad
957 3405 986 3460 in
1003 3405 1125 3461 terrenis
1137 3404 1349 3476 deprecabuntur
1358 3404 1461 3457 callum
1474 3410 1561 3466 trcern,
1576 3400 1714 3472 oregina,
1729 3398 1755 3455 id

105 3493 242 3546 virtutum
258 3488 465 3561 perlectionem
482 3490 617 3544 attrahat.
631 3491 805 3563 Magisenim
819 3508 907 3563 qnam
957 3496 1010 3559 est,
1028 3492 1258 3564 deprecabuntur
1272 3494 1403 3546 Deumut
1415 3487 1757 3544 deteisvultumsimilern

105 3578 245 3644 invisibia,
258 3578 906 3650 visibiliasolcnteremplaprovocare.Sequi·
955 3581 1044 3637 vultui
1058 3584 1118 3647 tuo,
1133 3580 1240 3634 scilicet
1254 3578 1499 3649 pulchritudinem
1517 3577 1659 3632 virtutum
1684 3579 1714 3629 ut
1732 3577 1757 3629 et

104 3671 257 3723 iurantem
269 3668 382 3722 laudem
397 3667 643 3734 exhortatio,cunr
656 3668 738 3723 dicit:
749 3667 905 3738 Aedifiliu,
955 3669 1009 3742 ipsi
1026 3671 1147 3724 adorare
1156 3668 1274 3739 possint.
1286 3667 1431 3732 Quoniam
1444 3666 1523 3720 enim
1537 3664 1721 3736 pulchritudo
1730 3664 1755 3718 in

105 3760 160 3813 etc.
176 3757 276 3812 Filiam
291 3773 324 3810 ex
337 3755 488 3811 affectione
505 3756 596 3810 nimia
608 3756 771 3828 vocat,quia
781 3773 845 3811 eam
856 3771 907 3826 per
957 3760 1033 3813 vultu
1042 3758 1281 3829 potinsapparcre
1291 3758 1374 3822 solet,
1385 3757 1536 3827 vultuspro
1548 3752 1755 3824 pulchritudine

104 3847 194 3901 fidem
208 3844 402 3917 regenerabit.
413 3845 446 3897 Et
461 3843 905 3916 bencfiliamlemininc‚quiade
956 3848 1082 3917 ponitur.
1101 3846 1146 3900 Vel
1163 3844 1265 3898 notrum
1284 3845 1352 3899 dioit
1366 3843 1457 3898 visum
1481 3841 1663 3907 interiorem,
1676 3840 1757 3895 idest

103 3950 137 3990 ea
152 3937 183 3989 ut
193 3934 229 3988 de
243 3933 345 4005 regina
353 3935 382 3985 nt
397 3931 546 4002 desponsa
561 3949 647 4001 agere
663 3930 906 4002 inceperat,qnod
955 3930 1632 4006 intellectum,perquemintelligiturquomodo
1647 3929 1756 3984 sitado·

106 4022 145 4076 sie
157 4021 325 4077 continuat:
343 4020 411 4075 Dico
428 4019 505 4091 quod
521 4020 627 4074 astabit
645 4021 748 4091 regina
759 4019 787 4073 in
803 4019 907 4074 vestitu
955 4024 1064 4078 randus
1083 4023 1205 4079 translit
1216 4023 1290 4076 bene
1304 4022 1397 4075 vultos
1414 4036 1466 4092 pro
1474 4019 1534 4074 visu
1548 4016 1679 4090 ponitur,
1694 4032 1756 4071 cum

106 4111 254 4164 deaurato.
271 4108 311 4162 Ne
326 4124 393 4161 vero
419 4108 552 4161 vestitum
568 4109 644 4162 hune
658 4107 822 4170 dimittas,o
838 4107 905 4176 filio.
957 4111 985 4165 in
1001 4112 1080 4165 vultu
1095 4110 1131 4164 sit
1142 4108 1216 4164 visus
1226 4124 1394 4180 corporeus.

106 4196 167 4252 Filii
179 4196 236 4251 mei
248 4195 542 4267 sponsa,onclcvoeem
556 4194 658 4264 Sponsi
674 4212 680 4249 :
697 4198 726 4249 et
740 4211 798 4250 non
814 4196 908 4249 solum
993 4197 1137 4261 Quoniam
1152 4202 1249 4251 autem
1276 4196 1442 4251 laudaverat
1456 4193 1588 4267 reginam
1606 4192 1642 4248 de
1656 4190 1754 4247 vestitu

105 4285 205 4341 auditu
224 4283 356 4339 exteriori
369 4301 375 4351 ;
390 4283 440 4337 sed
455 4289 480 4337 et
499 4283 566 4350 vide,
591 4283 684 4351 idest,
699 4283 828 4356 intellige
844 4299 907 4356 quar
918 4293 945 4354 1)
957 4302 1098 4353 aureuma
1107 4288 1258 4356 putaretur
1264 4284 1358 4356 gloria
1368 4283 1479 4339 decoris
1486 4284 1547 4354 ejus
1559 4281 1684 4336 exterius
1698 4295 1754 4335 esse

106 4373 255 4440 audies,ut
264 4371 405 4445 perficias.
420 4372 468 4425 Vel
482 4371 521 4425 sic
533 4388 538 4425 :
551 4370 636 4436 Audi,
649 4371 723 4439 vide,
736 4375 764 4426 et
772 4371 810 4426 sic
823 4372 907 4426 intel·
956 4375 987 4430 in
1003 4390 1133 4445 corpore,
1150 4372 1326 4428 determinat
1344 4373 1398 4428 boe
1418 4372 1472 4427 sic:
1490 4370 1551 4427 Diri
1568 4369 1648 4441 quod
1667 4371 1754 4437 regine

105 4463 172 4534 lige.
190 4461 247 4515 Nisi
262 4460 340 4514 enim
362 4459 505 4526 crederes,
516 4476 574 4514 non
586 4460 778 4532 intelligeres:
795 4460 830 4514 Et
841 4476 907 4516 ecce
957 4463 1062 4519 astabit
1076 4464 1204 4517 investita
1217 4461 1346 4517 deceroto
1359 4464 1404 4515 :et
1414 4460 1555 4533 gloriosus
1568 4459 1687 4514 vestitos
1706 4457 1754 4511 iste

106 4567 160 4606 vox
174 4548 275 4621 Sponsi
289 4564 376 4620 quam
393 4548 509 4603 audias:
523 4548 905 4620 Obliviscerepopnlumtuum,
956 4567 1016 4606 non
1031 4550 1235 4623 intelligendus
1250 4553 1292 4604 est
1307 4549 1430 4605 exterius
1445 4548 1545 4605 esseio
1562 4562 1697 4618 corpore,
1707 4544 1755 4599 sed

105 4637 198 4698 idest.
215 4639 343 4694 carnales
370 4636 566 4692 observantias
592 4638 690 4710 populi
716 4637 758 4692 tui
785 4636 904 4706 Judarci,
955 4639 1135 4710 omnr'splorr'o
1159 4638 1386 4709 ejusfiliaerepis,
1416 4637 1445 4692 id
1469 4640 1512 4693 est
1525 4636 1590 4691 filie
1607 4634 1670 4689 Filii
1686 4633 1752 4699 mei,

105 4745 169 4801 quar
183 4728 293 4782 umbrae
304 4728 388 4780 erant
403 4726 472 4780 Novi
488 4726 670 4782 Sestamenti.
684 4725 722 4780 Et
736 4727 822 4782 etiam
839 4727 905 4781 obli·
956 4745 1044 4801 quam
1059 4724 1188 4800 superins
1206 4726 1337 4797 reginam
1357 4725 1424 4792 diri,
1441 4725 1496 4780 erit
1510 4725 1543 4778 ab
1558 4725 1643 4789 intus,
1660 4722 1691 4777 id
1704 4724 1754 4787 est,

105 4820 202 4872 viscere
222 4816 330 4870 domum
350 4817 438 4885 putris
466 4817 515 4882 tui,
533 4815 631 4881 idest,
657 4815 904 4871 conversationem
956 4817 991 4870 ab
1007 4815 1115 4882 anima,
1141 4800 1293 4869 coruscans
1316 4815 1348 4869 in
1366 4815 1478 4883 firntrc'is
1499 4814 1597 4879 aureis,
1624 4810 1653 4865 id
1668 4814 1713 4865 est
1726 4808 1754 4865 in

106 4904 223 4973 diaboli,
234 4904 282 4977 qni
297 4906 443 4975 hucusque
456 4907 539 4974 pater
549 4904 825 4959 tuusexstitit.Jnxta
835 4904 904 4958 illud
955 4902 1366 4974 perfectionecharitatisque
1379 4917 1528 4974 peropaca
1539 4900 1753 4972 bonaapparet.

105 4993 269 5066 Evangelii:
300 5016 313 5044 «
323 4993 382 5048 Vox
400 5008 434 5047 ex
446 4995 528 5063 patre
543 4991 657 5047 diabolo
669 4993 736 5047 estis
753 4991 903 5060 (loomin,
956 4992 1010 5045 Per
1025 4990 1155 5045 fimbrias
1169 4990 1286 5060 quidem
1303 4990 1440 5061 perfectio
1452 4990 1618 5056 denotatur,
1634 4985 1754 5058 eoquod

104 5081 187 5155 44).»
202 5081 319 5136 Boanum
334 5097 385 5152 pro
401 5079 616 5135 conversatione
631 5081 722 5152 ponit,
734 5097 768 5135 eo
784 5080 861 5151 quod
874 5080 904 5135 in
954 5079 983 5132 in
1000 5079 1057 5133 sine
1072 5077 1194 5133 vestium
1216 5083 1424 5150 supponantur.
1442 5079 1496 5132 Per
1512 5093 1614 5132 aurum
1637 5074 1755 5147 quidem

106 5170 194 5226 domo
202 5168 380 5226 conversatio
391 5168 543 5224 hominnm
552 5171 603 5222 est.
612 5169 661 5223 Vel
670 5168 723 5223 sic:
733 5168 819 5229 Aodi,
835 5168 902 5237 filia,
952 5168 1087 5235 charitas,
1104 5183 1167 5238 qua
1178 5167 1257 5221 omni
1274 5166 1329 5222 alia
1344 5167 1447 5221 virtute
1463 5153 1616 5238 pretiosior
1629 5162 1756 5232 est,sicut

104 5259 277 5331 prophetata
293 5274 310 5312 a
325 5257 473 5330 prophetis
485 5256 638 5328 deSponso
651 5257 749 5312 tuo.Et
759 5255 903 5312 audiendo
954 5273 1056 5312 aurum
1072 5255 1182 5310 caeteris
1193 5255 1316 5310 metallis
1327 5255 1477 5327 pretiosius
1488 5255 1577 5310 estAEt
1591 5270 1650 5309 non
1660 5254 1753 5308 solum

103 5347 178 5410 vide,
196 5346 283 5401 idest
298 5345 478 5417 intelligesst
490 5345 678 5417 intelligendo
694 5345 843 5399 oblioucere
852 5362 903 5416 po·
953 5345 1077 5418 gloriam
1090 5343 1241 5398 habebitis
1255 5344 1366 5414 firnbriis
1379 5344 1531 5411 deceased
1547 5341 1754 5397 etiameritcir·

99 5435 198 5513 pulum
210 5439 296 5502 tuem,
305 5433 335 5489 id
349 5436 402 5501 est,
417 5432 486 5490 vitia
493 5433 523 5489 in
535 5435 563 5490 te
573 5432 722 5489 existentia
733 5448 796 5508 quae
807 5432 905 5491 dicun·
953 5435 1121 5502 cumemicle,
1129 5432 1159 5490 id
1173 5436 1227 5502 est,
1236 5437 1360 5490 ornatau
1374 5432 1549 5490 varietatibus
1560 5431 1712 5489 virtutum.
1723 5430 1756 5487 et

103 5527 152 5591 tur
164 5521 298 5599 populus,
312 5523 468 5599 propterea
482 5520 549 5602 quie
559 5522 654 5584 multa
665 5520 904 5598 anteambu-
952 5524 1009 5588 hoe
1025 5522 1113 5585 etiam
1128 5521 1258 5603 superins
1271 5522 1398 5604 positum
1411 5521 1550 5598 ruiana
1557 5521 1627 5582 dixit
1642 5522 1758 5584 circam«
