<?xml version="1.0" encoding="UTF-8"?>
<!DOCTYPE html PUBLIC "-//W3C//DTD XHTML 1.0 Transitional//EN"
    "http://www.w3.org/TR/xhtml1/DTD/xhtml1-transitional.dtd">
<html xmlns="http://www.w3.org/1999/xhtml" xml:lang="en" lang="en">
 <head>
  <title>
</title>
<meta http-equiv="Content-Type" content="text/html;charset=utf-8" />
  <meta name='ocr-system' content='tesseract 3.04.00' />
  <meta name='ocr-capabilities' content='ocr_page ocr_carea ocr_par ocr_line ocrx_word'/>
</head>
<body>
  <div class='ocr_page' id='page_1' title='image "./patrologiaecurs30unkngoog_0125.png"; bbox 0 0 3772 5970; ppageno 0'>
   <div class='ocr_carea' id='block_1_1' title="bbox 186 248 1846 322">
    <p class='ocr_par' dir='ltr' id='par_1_1' title="bbox 186 248 1846 322">
     <span class='ocr_line' id='line_1_1' title="bbox 186 248 1846 322; baseline -0.004 -1"><span class='ocrx_word' id='word_1_1' title='bbox 186 265 240 322; x_wconf 75' lang='lat'><strong>230</strong></span> <span class='ocrx_word' id='word_1_2' title='bbox 597 252 626 311; x_wconf 87' lang='lat' dir='ltr'><strong>S.</strong></span> <span class='ocrx_word' id='word_1_3' title='bbox 661 248 835 310; x_wconf 80' lang='lat' dir='ltr'><strong>Bhohoh&#39;ls</strong></span> <span class='ocrx_word' id='word_1_4' title='bbox 861 248 1177 309; x_wconf 65' lang='lat' dir='ltr'><strong>chamaeleonum</strong></span> <span class='ocrx_word' id='word_1_5' title='bbox 1196 251 1430 310; x_wconf 85' lang='lat' dir='ltr'><strong>lNSTlTUTORlS</strong></span> <span class='ocrx_word' id='word_1_6' title='bbox 1792 259 1846 315; x_wconf 70' lang='lat'><strong>240</strong></span> 
     </span>
    </p>
   </div>
   <div class='ocr_carea' id='block_1_2' title="bbox 167 374 1870 5618">
    <p class='ocr_par' dir='ltr' id='par_1_2' title="bbox 167 374 1870 5618">
     <span class='ocr_line' id='line_1_2' title="bbox 186 374 1846 463; baseline -0.008 -13"><span class='ocrx_word' id='word_1_7' title='bbox 186 392 217 450; x_wconf 91' lang='lat' dir='ltr'><strong>id</strong></span> <span class='ocrx_word' id='word_1_8' title='bbox 224 381 534 463; x_wconf 77' lang='lat' dir='ltr'><strong>est,quisoeculot&#39;ertio</strong></span> <span class='ocrx_word' id='word_1_9' title='bbox 545 379 835 447; x_wconf 82' lang='lat' dir='ltr'><strong>decimefloruerunt,</strong></span> <span class='ocrx_word' id='word_1_10' title='bbox 841 376 991 434; x_wconf 86' lang='lat' dir='ltr'><strong>historiam</strong></span> <span class='ocrx_word' id='word_1_11' title='bbox 1000 378 1030 440; x_wconf 74' lang='lat' dir='ltr'>A</span> <span class='ocrx_word' id='word_1_12' title='bbox 1040 374 1204 447; x_wconf 84' lang='lat' dir='ltr'><strong>invenisset,</strong></span> <span class='ocrx_word' id='word_1_13' title='bbox 1218 377 1437 435; x_wconf 77' lang='grc'><strong>1111111111111</strong></span> <span class='ocrx_word' id='word_1_14' title='bbox 1449 376 1668 449; x_wconf 78' lang='lat' dir='ltr'><strong>nunciaverant,</strong></span> <span class='ocrx_word' id='word_1_15' title='bbox 1682 397 1800 438; x_wconf 82' lang='lat' dir='ltr'><strong>aversus</strong></span> <span class='ocrx_word' id='word_1_16' title='bbox 1809 384 1846 440; x_wconf 90' lang='lat' dir='ltr'><strong>ab</strong></span> 
     </span>
     <span class='ocr_line' id='line_1_3' title="bbox 185 464 1848 548; baseline -0.013 -10"><span class='ocrx_word' id='word_1_17' title='bbox 185 484 278 548; x_wconf 88' lang='lat' dir='ltr'><strong>illam,</strong></span> <span class='ocrx_word' id='word_1_18' title='bbox 294 483 325 535; x_wconf 90' lang='lat' dir='ltr'><strong>ut</strong></span> <span class='ocrx_word' id='word_1_19' title='bbox 339 481 371 532; x_wconf 92' lang='lat' dir='ltr'><strong>ut</strong></span> <span class='ocrx_word' id='word_1_20' title='bbox 384 471 625 537; x_wconf 74' lang='lat' dir='ltr'><strong>commentitiam,</strong></span> <span class='ocrx_word' id='word_1_21' title='bbox 641 485 694 543; x_wconf 91' lang='lat' dir='ltr'><strong>pro</strong></span> <span class='ocrx_word' id='word_1_22' title='bbox 709 468 821 524; x_wconf 88' lang='lat' dir='ltr'><strong>veraab</strong></span> <span class='ocrx_word' id='word_1_23' title='bbox 833 467 991 538; x_wconf 79' lang='lat' dir='ltr'><strong>impostore</strong></span> <span class='ocrx_word' id='word_1_24' title='bbox 1039 464 1118 538; x_wconf 86' lang='lat' dir='ltr'><strong>ipsis,</strong></span> <span class='ocrx_word' id='word_1_25' title='bbox 1132 470 1218 539; x_wconf 88' lang='lat' dir='ltr'><strong>atque</strong></span> <span class='ocrx_word' id='word_1_26' title='bbox 1233 484 1299 523; x_wconf 92' lang='lat' dir='ltr'><strong>cum</strong></span> <span class='ocrx_word' id='word_1_27' title='bbox 1315 466 1517 540; x_wconf 75' lang='lat' dir='ltr'><strong>indignatione</strong></span> <span class='ocrx_word' id='word_1_28' title='bbox 1530 484 1692 526; x_wconf 85' lang='lat' dir='ltr'><strong>recessurus</strong></span> <span class='ocrx_word' id='word_1_29' title='bbox 1703 470 1802 528; x_wconf 75' lang='lat' dir='ltr'><strong>statim</strong></span> <span class='ocrx_word' id='word_1_30' title='bbox 1815 475 1848 528; x_wconf 71' lang='lat' dir='ltr'><strong>ut</strong></span> 
     </span>
     <span class='ocr_line' id='line_1_4' title="bbox 187 554 1847 645; baseline -0.009 -14"><span class='ocrx_word' id='word_1_31' title='bbox 187 571 298 645; x_wconf 89' lang='lat' dir='ltr'><strong>decepti</strong></span> <span class='ocrx_word' id='word_1_32' title='bbox 314 563 501 638; x_wconf 77' lang='lat' dir='ltr'><strong>acceperint?</strong></span> <span class='ocrx_word' id='word_1_33' title='bbox 512 564 573 616; x_wconf 92' lang='lat' dir='ltr'><strong>lrno</strong></span> <span class='ocrx_word' id='word_1_34' title='bbox 589 577 655 615; x_wconf 86' lang='lat' dir='ltr'><strong>vero</strong></span> <span class='ocrx_word' id='word_1_35' title='bbox 670 558 725 614; x_wconf 90' lang='lat' dir='ltr'><strong>erit</strong></span> <span class='ocrx_word' id='word_1_36' title='bbox 737 557 874 623; x_wconf 84' lang='lat' dir='ltr'><strong>fortassis,</strong></span> <span class='ocrx_word' id='word_1_37' title='bbox 886 556 933 627; x_wconf 90' lang='lat' dir='ltr'><strong>qui</strong></span> <span class='ocrx_word' id='word_1_38' title='bbox 945 555 991 610; x_wconf 90' lang='lat' dir='ltr'><strong>hic</strong></span> <span class='ocrx_word' id='word_1_39' title='bbox 1040 554 1145 626; x_wconf 89' lang='lat' dir='ltr'><strong>pedem</strong></span> <span class='ocrx_word' id='word_1_40' title='bbox 1160 556 1190 611; x_wconf 93' lang='lat' dir='ltr'><strong>in</strong></span> <span class='ocrx_word' id='word_1_41' title='bbox 1205 555 1306 611; x_wconf 89' lang='lat' dir='ltr'><strong>limine</strong></span> <span class='ocrx_word' id='word_1_42' title='bbox 1327 557 1431 628; x_wconf 88' lang='lat' dir='ltr'><strong>posuit,</strong></span> <span class='ocrx_word' id='word_1_43' title='bbox 1456 560 1570 612; x_wconf 89' lang='lat' dir='ltr'><strong>sanctus</strong></span> <span class='ocrx_word' id='word_1_44' title='bbox 1591 559 1687 614; x_wconf 87' lang='lat' dir='ltr'><strong>Bruno</strong></span> <span class='ocrx_word' id='word_1_45' title='bbox 1702 575 1768 615; x_wconf 89' lang='lat' dir='ltr'><strong>cum</strong></span> <span class='ocrx_word' id='word_1_46' title='bbox 1789 560 1847 616; x_wconf 89' lang='lat' dir='ltr'><strong>suis</strong></span> 
     </span>
     <span class='ocr_line' id='line_1_5' title="bbox 185 644 1848 722; baseline -0.011 -2"><span class='ocrx_word' id='word_1_47' title='bbox 185 665 434 720; x_wconf 85' lang='lat' dir='ltr'><strong>Btomenvennam</strong></span> <span class='ocrx_word' id='word_1_48' title='bbox 449 649 576 722; x_wconf 87' lang='lat' dir='ltr'><strong>objiciat,</strong></span> <span class='ocrx_word' id='word_1_49' title='bbox 585 648 615 703; x_wconf 92' lang='lat' dir='ltr'><strong>in</strong></span> <span class='ocrx_word' id='word_1_50' title='bbox 630 649 764 703; x_wconf 88' lang='lat' dir='ltr'><strong>contexte</strong></span> <span class='ocrx_word' id='word_1_51' title='bbox 773 661 827 701; x_wconf 89' lang='lat' dir='ltr'><strong>ase</strong></span> <span class='ocrx_word' id='word_1_52' title='bbox 839 644 867 700; x_wconf 92' lang='lat' dir='ltr'><strong>S.</strong></span> <span class='ocrx_word' id='word_1_53' title='bbox 883 646 992 700; x_wconf 90' lang='lat' dir='ltr'><strong>Bruno-</strong></span> <span class='ocrx_word' id='word_1_54' title='bbox 1039 644 1574 718; x_wconf 78' lang='lat' dir='ltr'><strong>expergefactireverenterepiscopum</strong></span> <span class='ocrx_word' id='word_1_55' title='bbox 1585 647 1789 716; x_wconf 86' lang='lat' dir='ltr'><strong>salutaverunt,</strong></span> <span class='ocrx_word' id='word_1_56' title='bbox 1800 650 1848 705; x_wconf 89' lang='lat' dir='ltr'><strong>de-</strong></span> 
     </span>
     <span class='ocr_line' id='line_1_6' title="bbox 184 732 1846 809; baseline -0.009 -1"><span class='ocrx_word' id='word_1_57' title='bbox 184 753 230 809; x_wconf 89' lang='lat' dir='ltr'><strong>nis</strong></span> <span class='ocrx_word' id='word_1_58' title='bbox 243 749 307 804; x_wconf 84' lang='lat' dir='ltr'><strong>Vita</strong></span> <span class='ocrx_word' id='word_1_59' title='bbox 326 745 382 801; x_wconf 87' lang='lat' dir='ltr'><strong>tria</strong></span> <span class='ocrx_word' id='word_1_60' title='bbox 400 742 510 797; x_wconf 90' lang='lat' dir='ltr'><strong>diversa</strong></span> <span class='ocrx_word' id='word_1_61' title='bbox 525 738 693 793; x_wconf 87' lang='lat' dir='ltr'><strong>narrantem</strong></span> <span class='ocrx_word' id='word_1_62' title='bbox 708 734 850 806; x_wconf 82' lang='lat' dir='ltr'><strong>prodigia,</strong></span> <span class='ocrx_word' id='word_1_63' title='bbox 867 748 991 805; x_wconf 90' lang='lat' dir='ltr'><strong>quorum</strong></span> <span class='ocrx_word' id='word_1_64' title='bbox 1039 735 1119 788; x_wconf 85' lang='lat' dir='ltr'><strong>votae</strong></span> <span class='ocrx_word' id='word_1_65' title='bbox 1133 732 1174 788; x_wconf 93' lang='lat' dir='ltr'><strong>illi</strong></span> <span class='ocrx_word' id='word_1_66' title='bbox 1188 733 1346 806; x_wconf 80' lang='lat' dir='ltr'><strong>gratiarum</strong></span> <span class='ocrx_word' id='word_1_67' title='bbox 1359 735 1487 790; x_wconf 82' lang='lat' dir='ltr'><strong>actiones</strong></span> <span class='ocrx_word' id='word_1_68' title='bbox 1495 735 1654 791; x_wconf 87' lang='lat' dir='ltr'><strong>relerentes</strong></span> <span class='ocrx_word' id='word_1_69' title='bbox 1667 753 1721 809; x_wconf 92' lang='lat' dir='ltr'><strong>pro</strong></span> <span class='ocrx_word' id='word_1_70' title='bbox 1731 737 1846 794; x_wconf 84' lang='lat' dir='ltr'><strong>univer·</strong></span> 
     </span>
     <span class='ocr_line' id='line_1_7' title="bbox 183 821 1847 909; baseline -0.006 -18"><span class='ocrx_word' id='word_1_71' title='bbox 183 856 276 897; x_wconf 86' lang='lat' dir='ltr'><strong>unum</strong></span> <span class='ocrx_word' id='word_1_72' title='bbox 286 834 403 909; x_wconf 86' lang='lat' dir='ltr'><strong>quidem</strong></span> <span class='ocrx_word' id='word_1_73' title='bbox 414 829 494 887; x_wconf 92' lang='lat' dir='ltr'><strong>omni</strong></span> <span class='ocrx_word' id='word_1_74' title='bbox 510 826 596 881; x_wconf 93' lang='lat' dir='ltr'><strong>dubio</strong></span> <span class='ocrx_word' id='word_1_75' title='bbox 614 825 712 898; x_wconf 92' lang='lat' dir='ltr'><strong>procul</strong></span> <span class='ocrx_word' id='word_1_76' title='bbox 725 826 924 878; x_wconf 87' lang='lat' dir='ltr'><strong>commentum</strong></span> <span class='ocrx_word' id='word_1_77' title='bbox 937 823 989 887; x_wconf 86' lang='lat' dir='ltr'><strong>est,</strong></span> <span class='ocrx_word' id='word_1_78' title='bbox 1039 821 1077 878; x_wconf 87' lang='lat' dir='ltr'><strong>sis</strong></span> <span class='ocrx_word' id='word_1_79' title='bbox 1087 822 1232 878; x_wconf 84' lang='lat' dir='ltr'><strong>beneflciis</strong></span> <span class='ocrx_word' id='word_1_80' title='bbox 1246 823 1300 878; x_wconf 90' lang='lat' dir='ltr'><strong>sibi</strong></span> <span class='ocrx_word' id='word_1_81' title='bbox 1315 824 1351 879; x_wconf 89' lang='lat' dir='ltr'><strong>ab</strong></span> <span class='ocrx_word' id='word_1_82' title='bbox 1367 840 1401 879; x_wconf 93' lang='lat' dir='ltr'><strong>eo</strong></span> <span class='ocrx_word' id='word_1_83' title='bbox 1426 823 1546 880; x_wconf 88' lang='lat' dir='ltr'><strong>collatis.</strong></span> <span class='ocrx_word' id='word_1_84' title='bbox 1561 825 1753 882; x_wconf 84' lang='lat' dir='ltr'><strong>Consueverat</strong></span> <span class='ocrx_word' id='word_1_85' title='bbox 1767 827 1847 883; x_wconf 89' lang='lat' dir='ltr'><strong>enim</strong></span> 
     </span>
     <span class='ocr_line' id='line_1_8' title="bbox 184 909 1847 993; baseline -0.013 0"><span class='ocrx_word' id='word_1_86' title='bbox 184 930 241 986; x_wconf 79' lang='lat'><em>(1110</em></span> <span class='ocrx_word' id='word_1_87' title='bbox 255 941 323 981; x_wconf 72' lang='lat' dir='ltr'><strong>tert)</strong></span> <span class='ocrx_word' id='word_1_88' title='bbox 338 921 462 993; x_wconf 68' lang='lat' dir='ltr'><strong>reliqssfli</strong></span> <span class='ocrx_word' id='word_1_89' title='bbox 476 912 644 979; x_wconf 62' lang='lat' dir='ltr'><strong>COfflmflsslii</strong></span> <span class='ocrx_word' id='word_1_90' title='bbox 661 929 697 967; x_wconf 76' lang='lat' dir='ltr'><strong>ne</strong></span> <span class='ocrx_word' id='word_1_91' title='bbox 712 911 782 984; x_wconf 82' lang='lat' dir='ltr'><strong>quid</strong></span> <span class='ocrx_word' id='word_1_92' title='bbox 796 910 987 982; x_wconf 87' lang='lat' dir='ltr'><strong>pejusdicam,</strong></span> <span class='ocrx_word' id='word_1_93' title='bbox 1039 909 1099 982; x_wconf 94' lang='lat' dir='ltr'><strong>ipse</strong></span> <span class='ocrx_word' id='word_1_94' title='bbox 1112 911 1260 984; x_wconf 89' lang='lat' dir='ltr'><strong>episcopus</strong></span> <span class='ocrx_word' id='word_1_95' title='bbox 1287 912 1323 967; x_wconf 89' lang='lat' dir='ltr'><strong>de</strong></span> <span class='ocrx_word' id='word_1_96' title='bbox 1344 912 1401 967; x_wconf 87' lang='lat' dir='ltr'><strong>suis</strong></span> <span class='ocrx_word' id='word_1_97' title='bbox 1421 913 1604 970; x_wconf 82' lang='lat' dir='ltr'><strong>facultatibus</strong></span> <span class='ocrx_word' id='word_1_98' title='bbox 1628 914 1669 970; x_wconf 91' lang='lat' dir='ltr'><strong>eis</strong></span> <span class='ocrx_word' id='word_1_99' title='bbox 1689 915 1847 972; x_wconf 74' lang='lat' dir='ltr'><strong>liberaliter</strong></span> 
     </span>
     <span class='ocr_line' id='line_1_9' title="bbox 167 998 1849 1075; baseline -0.008 0"><span class='ocrx_word' id='word_1_100' title='bbox 167 1009 435 1075; x_wconf 76' lang='lat' dir='ltr'><strong>¹vehementissime</strong></span> <span class='ocrx_word' id='word_1_101' title='bbox 444 1008 511 1062; x_wconf 89' lang='lat' dir='ltr'><strong>sunt</strong></span> <span class='ocrx_word' id='word_1_102' title='bbox 519 1006 658 1074; x_wconf 89' lang='lat' dir='ltr'><strong>suspecta.</strong></span> <span class='ocrx_word' id='word_1_103' title='bbox 670 1000 736 1055; x_wconf 80' lang='lat' dir='ltr'><strong>l’ria</strong></span> <span class='ocrx_word' id='word_1_104' title='bbox 744 998 989 1074; x_wconf 84' lang='lat' dir='ltr'><strong>illaprodigiaseu</strong></span> <span class='ocrx_word' id='word_1_105' title='bbox 1039 1016 1171 1073; x_wconf 82' lang='lat' dir='ltr'><strong>erogare,</strong></span> <span class='ocrx_word' id='word_1_106' title='bbox 1188 1003 1216 1055; x_wconf 92' lang='lat' dir='ltr'><strong>et</strong></span> <span class='ocrx_word' id='word_1_107' title='bbox 1227 1000 1341 1073; x_wconf 79' lang='lat' dir='ltr'><strong>singula</strong></span> <span class='ocrx_word' id='word_1_108' title='bbox 1356 1002 1516 1058; x_wconf 88' lang='lat' dir='ltr'><strong>necessaria</strong></span> <span class='ocrx_word' id='word_1_109' title='bbox 1531 1002 1705 1060; x_wconf 87' lang='lat' dir='ltr'><strong>ministrare.</strong></span> <span class='ocrx_word' id='word_1_110' title='bbox 1721 1006 1849 1062; x_wconf 88' lang='grc'><strong>1111111-</strong></span> 
     </span>
     <span class='ocr_line' id='line_1_10' title="bbox 183 1087 1848 1181; baseline -0.013 -17"><span class='ocrx_word' id='word_1_111' title='bbox 183 1106 278 1181; x_wconf 89' lang='lat' dir='ltr'><strong>potius</strong></span> <span class='ocrx_word' id='word_1_112' title='bbox 289 1101 410 1166; x_wconf 83' lang='lat' dir='ltr'><strong>tabulas,</strong></span> <span class='ocrx_word' id='word_1_113' title='bbox 425 1113 462 1152; x_wconf 92' lang='lat' dir='ltr'><strong>ne</strong></span> <span class='ocrx_word' id='word_1_114' title='bbox 476 1093 588 1150; x_wconf 88' lang='lat' dir='ltr'><strong>sinistre</strong></span> <span class='ocrx_word' id='word_1_115' title='bbox 604 1091 639 1147; x_wconf 92' lang='lat' dir='ltr'><strong>de</strong></span> <span class='ocrx_word' id='word_1_116' title='bbox 657 1089 782 1162; x_wconf 88' lang='lat' dir='ltr'><strong>antiquis</strong></span> <span class='ocrx_word' id='word_1_117' title='bbox 795 1087 990 1146; x_wconf 84' lang='lat' dir='ltr'><strong>Carthasianis</strong></span> <span class='ocrx_word' id='word_1_118' title='bbox 1039 1105 1111 1160; x_wconf 79' lang='lat' dir='ltr'><strong>gans</strong></span> <span class='ocrx_word' id='word_1_119' title='bbox 1124 1093 1222 1146; x_wconf 91' lang='lat' dir='ltr'><strong>autem</strong></span> <span class='ocrx_word' id='word_1_120' title='bbox 1234 1091 1384 1166; x_wconf 85' lang='lat' dir='ltr'><strong>episeopus</strong></span> <span class='ocrx_word' id='word_1_121' title='bbox 1395 1093 1571 1161; x_wconf 84' lang='lat' dir='ltr'><strong>Brunonem,</strong></span> <span class='ocrx_word' id='word_1_122' title='bbox 1585 1093 1642 1150; x_wconf 84' lang='lat' dir='ltr'><strong>ait:</strong></span> <span class='ocrx_word' id='word_1_123' title='bbox 1656 1092 1725 1160; x_wconf 77' lang='lat' dir='ltr'><strong>Ques</strong></span> <span class='ocrx_word' id='word_1_124' title='bbox 1736 1093 1797 1151; x_wconf 80' lang='lat' dir='ltr'><strong>dies</strong></span> <span class='ocrx_word' id='word_1_125' title='bbox 1804 1095 1848 1150; x_wconf 73' lang='lat' dir='ltr'><strong>est</strong></span> 
     </span>
     <span class='ocr_line' id='line_1_11' title="bbox 182 1177 1870 1270; baseline -0.021 -16"><span class='ocrx_word' id='word_1_126' title='bbox 182 1191 344 1270; x_wconf 87' lang='lat' dir='ltr'><strong>suspicandi</strong></span> <span class='ocrx_word' id='word_1_127' title='bbox 359 1203 459 1244; x_wconf 89' lang='lat' dir='ltr'><strong>ansam</strong></span> <span class='ocrx_word' id='word_1_128' title='bbox 475 1185 585 1250; x_wconf 87' lang='lat' dir='ltr'><strong>darem,</strong></span> <span class='ocrx_word' id='word_1_129' title='bbox 601 1183 632 1237; x_wconf 90' lang='lat' dir='ltr'><strong>in</strong></span> <span class='ocrx_word' id='word_1_130' title='bbox 647 1179 776 1236; x_wconf 89' lang='lat' dir='ltr'><strong>medium</strong></span> <span class='ocrx_word' id='word_1_131' title='bbox 788 1177 833 1235; x_wconf 92' lang='lat' dir='ltr'><strong>bic</strong></span> <span class='ocrx_word' id='word_1_132' title='bbox 848 1194 906 1234; x_wconf 94' lang='lat' dir='ltr'><strong>non</strong></span> <span class='ocrx_word' id='word_1_133' title='bbox 922 1193 990 1250; x_wconf 91' lang='lat' dir='ltr'><strong>pro·</strong></span> <span class='ocrx_word' id='word_1_134' title='bbox 1038 1177 1188 1234; x_wconf 78' lang='lat' dir='ltr'><strong>hodietht</strong></span> <span class='ocrx_word' id='word_1_135' title='bbox 1196 1180 1244 1235; x_wconf 92' lang='lat' dir='ltr'><strong>ille</strong></span> <span class='ocrx_word' id='word_1_136' title='bbox 1251 1181 1414 1253; x_wconf 89' lang='lat' dir='ltr'><strong>respondit:</strong></span> <span class='ocrx_word' id='word_1_137' title='bbox 1425 1182 1844 1256; x_wconf 49' lang='lat' dir='ltr'><strong>DominicaQuinquggegimae·</strong></span> <span class='ocrx_word' id='word_1_138' title='bbox 1868 1215 1870 1218; x_wconf 79' lang='grc'>,</span> 
     </span>
     <span class='ocr_line' id='line_1_12' title="bbox 181 1264 1847 1347; baseline -0.019 -5"><span class='ocrx_word' id='word_1_139' title='bbox 181 1281 383 1343; x_wconf 82' lang='lat' dir='ltr'><strong>ferrcanimus</strong></span> <span class='ocrx_word' id='word_1_140' title='bbox 411 1275 540 1347; x_wconf 87' lang='lat' dir='ltr'><strong>primum</strong></span> <span class='ocrx_word' id='word_1_141' title='bbox 565 1272 679 1338; x_wconf 85' lang='lat' dir='ltr'><strong>tuerat;</strong></span> <span class='ocrx_word' id='word_1_142' title='bbox 699 1284 798 1324; x_wconf 90' lang='lat' dir='ltr'><strong>verum</strong></span> <span class='ocrx_word' id='word_1_143' title='bbox 824 1264 989 1325; x_wconf 85' lang='lat' dir='ltr'><strong>oumotficii</strong></span> <span class='ocrx_word' id='word_1_144' title='bbox 1039 1267 1073 1322; x_wconf 88' lang='lat' dir='ltr'><strong>Et</strong></span> <span class='ocrx_word' id='word_1_145' title='bbox 1088 1267 1258 1339; x_wconf 88' lang='lat' dir='ltr'><strong>episcopus:</strong></span> <span class='ocrx_word' id='word_1_146' title='bbox 1276 1269 1380 1337; x_wconf 85' lang='lat' dir='ltr'><strong>Quare,</strong></span> <span class='ocrx_word' id='word_1_147' title='bbox 1406 1271 1509 1344; x_wconf 84' lang='lat' dir='ltr'><strong>inquit,</strong></span> <span class='ocrx_word' id='word_1_148' title='bbox 1535 1272 1637 1328; x_wconf 75' lang='lat' dir='ltr'><strong>tandiu</strong></span> <span class='ocrx_word' id='word_1_149' title='bbox 1660 1273 1794 1329; x_wconf 52' lang='lat' dir='ltr'><strong>tardasti,</strong></span> <span class='ocrx_word' id='word_1_150' title='bbox 1808 1275 1847 1331; x_wconf 52' lang='lat' dir='ltr'><strong>,d</strong></span> 
     </span>
     <span class='ocr_line' id='line_1_13' title="bbox 183 1355 1846 1439; baseline -0.01 -9"><span class='ocrx_word' id='word_1_151' title='bbox 183 1367 527 1439; x_wconf 84' lang='lat' dir='ltr'><strong>meiratioexigatuttam</strong></span> <span class='ocrx_word' id='word_1_152' title='bbox 538 1378 601 1434; x_wconf 82' lang='lat' dir='ltr'><strong>quae</strong></span> <span class='ocrx_word' id='word_1_153' title='bbox 617 1361 727 1426; x_wconf 85' lang='lat' dir='ltr'><strong>obesse,</strong></span> <span class='ocrx_word' id='word_1_154' title='bbox 738 1374 826 1432; x_wconf 90' lang='lat' dir='ltr'><strong>quam</strong></span> <span class='ocrx_word' id='word_1_155' title='bbox 843 1374 906 1430; x_wconf 84' lang='lat' dir='ltr'><strong>quse</strong></span> <span class='ocrx_word' id='word_1_156' title='bbox 921 1373 989 1428; x_wconf 85' lang='lat' dir='ltr'><strong>pro·</strong></span> <span class='ocrx_word' id='word_1_157' title='bbox 1038 1355 1362 1425; x_wconf 84' lang='lat' dir='ltr'><strong>prandium‘lNarrante</strong></span> <span class='ocrx_word' id='word_1_158' title='bbox 1373 1361 1749 1417; x_wconf 82' lang='lat' dir='ltr'><strong>autemlirunoneordinem</strong></span> <span class='ocrx_word' id='word_1_159' title='bbox 1757 1366 1846 1434; x_wconf 70' lang='lat' dir='ltr'><strong>geste</strong></span> 
     </span>
     <span class='ocr_line' id='line_1_14' title="bbox 182 1443 1846 1533; baseline -0.011 -13"><span class='ocrx_word' id='word_1_160' title='bbox 182 1465 264 1533; x_wconf 87' lang='lat' dir='ltr'><strong>desse</strong></span> <span class='ocrx_word' id='word_1_161' title='bbox 292 1455 513 1515; x_wconf 87' lang='lat' dir='ltr'><strong>Carthusianum</strong></span> <span class='ocrx_word' id='word_1_162' title='bbox 533 1451 569 1506; x_wconf 92' lang='lat' dir='ltr'><strong>de</strong></span> <span class='ocrx_word' id='word_1_163' title='bbox 595 1448 728 1521; x_wconf 83' lang='lat' dir='ltr'><strong>prodigio</strong></span> <span class='ocrx_word' id='word_1_164' title='bbox 752 1463 808 1519; x_wconf 92' lang='lat' dir='ltr'><strong>quo</strong></span> <span class='ocrx_word' id='word_1_165' title='bbox 838 1447 932 1501; x_wconf 90' lang='lat' dir='ltr'><strong>Bruno</strong></span> <span class='ocrx_word' id='word_1_166' title='bbox 959 1446 990 1501; x_wconf 94' lang='lat' dir='ltr'><strong>in</strong></span> <span class='ocrx_word' id='word_1_167' title='bbox 1037 1443 1090 1511; x_wconf 89' lang='lat' dir='ltr'><strong>rei,</strong></span> <span class='ocrx_word' id='word_1_168' title='bbox 1100 1448 1129 1499; x_wconf 91' lang='lat' dir='ltr'><strong>et</strong></span> <span class='ocrx_word' id='word_1_169' title='bbox 1141 1444 1176 1499; x_wconf 91' lang='lat' dir='ltr'><strong>de</strong></span> <span class='ocrx_word' id='word_1_170' title='bbox 1190 1445 1384 1518; x_wconf 84' lang='lat' dir='ltr'><strong>disputatione</strong></span> <span class='ocrx_word' id='word_1_171' title='bbox 1395 1448 1554 1519; x_wconf 88' lang='lat' dir='ltr'><strong>interipsos</strong></span> <span class='ocrx_word' id='word_1_172' title='bbox 1566 1450 1674 1519; x_wconf 88' lang='lat' dir='ltr'><strong>habita,</strong></span> <span class='ocrx_word' id='word_1_173' title='bbox 1685 1451 1846 1525; x_wconf 82' lang='lat' dir='ltr'><strong>episcopus,</strong></span> 
     </span>
     <span class='ocr_line' id='line_1_15' title="bbox 184 1533 1848 1614; baseline -0.008 -4"><span class='ocrx_word' id='word_1_174' title='bbox 184 1566 316 1611; x_wconf 90' lang='lat' dir='ltr'><strong>eremum</strong></span> <span class='ocrx_word' id='word_1_175' title='bbox 335 1548 413 1602; x_wconf 87' lang='lat' dir='ltr'><strong>aetus</strong></span> <span class='ocrx_word' id='word_1_176' title='bbox 433 1542 530 1608; x_wconf 86' lang='lat' dir='ltr'><strong>fuerit,</strong></span> <span class='ocrx_word' id='word_1_177' title='bbox 551 1537 698 1600; x_wconf 86' lang='lat' dir='ltr'><strong>traditioni</strong></span> <span class='ocrx_word' id='word_1_178' title='bbox 722 1538 842 1609; x_wconf 89' lang='lat' dir='ltr'><strong>queunt,</strong></span> <span class='ocrx_word' id='word_1_179' title='bbox 863 1534 989 1590; x_wconf 91' lang='lat' dir='ltr'><strong>studioso</strong></span> <span class='ocrx_word' id='word_1_180' title='bbox 1039 1533 1259 1591; x_wconf 87' lang='lat' dir='ltr'><strong>accersitoclam</strong></span> <span class='ocrx_word' id='word_1_181' title='bbox 1274 1536 1471 1608; x_wconf 85' lang='lat' dir='ltr'><strong>dispensatore</strong></span> <span class='ocrx_word' id='word_1_182' title='bbox 1484 1538 1587 1594; x_wconf 89' lang='lat' dir='ltr'><strong>domus</strong></span> <span class='ocrx_word' id='word_1_183' title='bbox 1601 1556 1669 1608; x_wconf 78' lang='grc'><strong>111,</strong></span> <span class='ocrx_word' id='word_1_184' title='bbox 1685 1541 1848 1614; x_wconf 79' lang='lat' dir='ltr'><strong>interrogat</strong></span> 
     </span>
     <span class='ocr_line' id='line_1_16' title="bbox 183 1623 1848 1701; baseline -0.015 -2"><span class='ocrx_word' id='word_1_185' title='bbox 183 1641 284 1699; x_wconf 89' lang='lat' dir='ltr'><strong>lectori</strong></span> <span class='ocrx_word' id='word_1_186' title='bbox 298 1636 460 1701; x_wconf 81' lang='lat' dir='ltr'><strong>exhibeam,</strong></span> <span class='ocrx_word' id='word_1_187' title='bbox 485 1646 539 1686; x_wconf 92' lang='lat' dir='ltr'><strong>nec</strong></span> <span class='ocrx_word' id='word_1_188' title='bbox 553 1629 630 1684; x_wconf 86' lang='lat' dir='ltr'><strong>intra</strong></span> <span class='ocrx_word' id='word_1_189' title='bbox 644 1642 802 1698; x_wconf 87' lang='lat' dir='ltr'><strong>paucorum</strong></span> <span class='ocrx_word' id='word_1_190' title='bbox 828 1640 932 1679; x_wconf 84' lang='lat' dir='ltr'><strong>manus</strong></span> <span class='ocrx_word' id='word_1_191' title='bbox 953 1623 991 1678; x_wconf 85' lang='lat' dir='ltr'><strong>ait</strong></span> <span class='ocrx_word' id='word_1_192' title='bbox 1040 1627 1137 1679; x_wconf 86' lang='lat' dir='ltr'><strong>utrum</strong></span> <span class='ocrx_word' id='word_1_193' title='bbox 1151 1625 1261 1679; x_wconf 80' lang='lat' dir='ltr'><strong>eedem</strong></span> <span class='ocrx_word' id='word_1_194' title='bbox 1275 1625 1332 1680; x_wconf 90' lang='lat' dir='ltr'><strong>sint</strong></span> <span class='ocrx_word' id='word_1_195' title='bbox 1344 1626 1388 1682; x_wconf 69' lang='lat' dir='ltr'><strong>hee</strong></span> <span class='ocrx_word' id='word_1_196' title='bbox 1400 1643 1501 1683; x_wconf 88' lang='lat' dir='ltr'><strong>cernes</strong></span> <span class='ocrx_word' id='word_1_197' title='bbox 1515 1645 1586 1700; x_wconf 88' lang='lat' dir='ltr'><strong>quas</strong></span> <span class='ocrx_word' id='word_1_198' title='bbox 1599 1629 1751 1686; x_wconf 82' lang='lat' dir='ltr'><strong>[lominica</strong></span> <span class='ocrx_word' id='word_1_199' title='bbox 1760 1631 1848 1697; x_wconf 77' lang='lat' dir='ltr'><strong>Quin.</strong></span> 
     </span>
     <span class='ocr_line' id='line_1_17' title="bbox 182 1712 1849 1791; baseline -0.007 -3"><span class='ocrx_word' id='word_1_200' title='bbox 182 1733 318 1788; x_wconf 88' lang='lat' dir='ltr'><strong>contexta</strong></span> <span class='ocrx_word' id='word_1_201' title='bbox 331 1744 349 1782; x_wconf 91' lang='grc'><strong>1</strong></span> <span class='ocrx_word' id='word_1_202' title='bbox 372 1725 586 1780; x_wconf 79' lang='lat' dir='ltr'><strong>lilomenvenna</strong></span> <span class='ocrx_word' id='word_1_203' title='bbox 610 1716 701 1772; x_wconf 85' lang='lat' dir='ltr'><strong>sancti</strong></span> <span class='ocrx_word' id='word_1_204' title='bbox 727 1715 816 1770; x_wconf 85' lang='lat' dir='ltr'><strong>nostri</strong></span> <span class='ocrx_word' id='word_1_205' title='bbox 841 1713 914 1781; x_wconf 86' lang='lat' dir='ltr'><strong>Vita,</strong></span> <span class='ocrx_word' id='word_1_206' title='bbox 929 1712 992 1786; x_wconf 87' lang='lat' dir='ltr'><strong>ipsa</strong></span> <span class='ocrx_word' id='word_1_207' title='bbox 1004 1719 1029 1778; x_wconf 90' lang='grc' dir='ltr'>Β</span> <span class='ocrx_word' id='word_1_208' title='bbox 1040 1713 1216 1785; x_wconf 76' lang='lat' dir='ltr'><strong>quagesima</strong></span> <span class='ocrx_word' id='word_1_209' title='bbox 1230 1713 1428 1771; x_wconf 86' lang='lat' dir='ltr'><strong>ministrasset.</strong></span> <span class='ocrx_word' id='word_1_210' title='bbox 1444 1719 1482 1771; x_wconf 84' lang='lat' dir='ltr'><strong>At</strong></span> <span class='ocrx_word' id='word_1_211' title='bbox 1492 1717 1539 1773; x_wconf 93' lang='lat' dir='ltr'><strong>ille</strong></span> <span class='ocrx_word' id='word_1_212' title='bbox 1551 1718 1705 1791; x_wconf 80' lang='lat' dir='ltr'><strong>diligenter</strong></span> <span class='ocrx_word' id='word_1_213' title='bbox 1719 1720 1849 1777; x_wconf 87' lang='lat' dir='ltr'><strong>conside·</strong></span> 
     </span>
     <span class='ocr_line' id='line_1_18' title="bbox 182 1801 1850 1892; baseline -0.006 -16"><span class='ocrx_word' id='word_1_214' title='bbox 182 1817 329 1892; x_wconf 87' lang='lat' dir='ltr'><strong>scriptoris</strong></span> <span class='ocrx_word' id='word_1_215' title='bbox 343 1814 427 1885; x_wconf 86' lang='lat' dir='ltr'><strong>hujus</strong></span> <span class='ocrx_word' id='word_1_216' title='bbox 444 1811 540 1876; x_wconf 90' lang='lat' dir='ltr'><strong>verba,</strong></span> <span class='ocrx_word' id='word_1_217' title='bbox 557 1806 677 1879; x_wconf 75' lang='lat' dir='ltr'><strong>prefata</strong></span> <span class='ocrx_word' id='word_1_218' title='bbox 690 1803 829 1860; x_wconf 90' lang='lat' dir='ltr'><strong>miracula</strong></span> <span class='ocrx_word' id='word_1_219' title='bbox 841 1801 992 1875; x_wconf 86' lang='lat' dir='ltr'><strong>scupotius</strong></span> <span class='ocrx_word' id='word_1_220' title='bbox 1040 1818 1118 1868; x_wconf 90' lang='lat' dir='ltr'><strong>rans,</strong></span> <span class='ocrx_word' id='word_1_221' title='bbox 1134 1803 1252 1858; x_wconf 88' lang='lat' dir='ltr'><strong>easdem</strong></span> <span class='ocrx_word' id='word_1_222' title='bbox 1267 1820 1327 1859; x_wconf 92' lang='lat' dir='ltr'><strong>esse</strong></span> <span class='ocrx_word' id='word_1_223' title='bbox 1342 1805 1503 1861; x_wconf 88' lang='lat' dir='ltr'><strong>renunciet.</strong></span> <span class='ocrx_word' id='word_1_224' title='bbox 1519 1807 1780 1882; x_wconf 84' lang='lat' dir='ltr'><strong>Tuncstupelaetus</strong></span> <span class='ocrx_word' id='word_1_225' title='bbox 1790 1810 1850 1883; x_wconf 91' lang='lat' dir='ltr'><strong>epi·</strong></span> 
     </span>
     <span class='ocr_line' id='line_1_19' title="bbox 183 1892 1849 1975; baseline -0.006 -10"><span class='ocrx_word' id='word_1_226' title='bbox 183 1908 295 1967; x_wconf 84' lang='lat' dir='ltr'><strong>tabulas</strong></span> <span class='ocrx_word' id='word_1_227' title='bbox 313 1899 544 1974; x_wconf 83' lang='lat' dir='ltr'><strong>complectentia,</strong></span> <span class='ocrx_word' id='word_1_228' title='bbox 566 1898 621 1975; x_wconf 85' lang='lat' dir='ltr'><strong>huc</strong></span> <span class='ocrx_word' id='word_1_229' title='bbox 637 1893 808 1961; x_wconf 87' lang='lat' dir='ltr'><strong>transcribo,</strong></span> <span class='ocrx_word' id='word_1_230' title='bbox 832 1892 868 1947; x_wconf 90' lang='lat' dir='ltr'><strong>ad</strong></span> <span class='ocrx_word' id='word_1_231' title='bbox 882 1892 990 1946; x_wconf 87' lang='lat' dir='ltr'><strong>calcem</strong></span> <span class='ocrx_word' id='word_1_232' title='bbox 1041 1907 1153 1964; x_wconf 87' lang='lat' dir='ltr'><strong>scopus,</strong></span> <span class='ocrx_word' id='word_1_233' title='bbox 1169 1908 1321 1948; x_wconf 88' lang='lat' dir='ltr'><strong>conversus</strong></span> <span class='ocrx_word' id='word_1_234' title='bbox 1334 1894 1371 1949; x_wconf 89' lang='lat' dir='ltr'><strong>ad</strong></span> <span class='ocrx_word' id='word_1_235' title='bbox 1380 1894 1493 1963; x_wconf 83' lang='lat' dir='ltr'><strong>fratres,</strong></span> <span class='ocrx_word' id='word_1_236' title='bbox 1507 1895 1547 1951; x_wconf 90' lang='lat' dir='ltr'><strong>ait</strong></span> <span class='ocrx_word' id='word_1_237' title='bbox 1560 1913 1567 1951; x_wconf 93' lang='lat'>:</span> <span class='ocrx_word' id='word_1_238' title='bbox 1581 1897 1731 1967; x_wconf 85' lang='lat' dir='ltr'><strong>Noveritis,</strong></span> <span class='ocrx_word' id='word_1_239' title='bbox 1744 1901 1849 1956; x_wconf 82' lang='lat' dir='ltr'><strong>iratres</strong></span> 
     </span>
     <span class='ocr_line' id='line_1_20' title="bbox 185 1978 1850 2064; baseline -0.011 -11"><span class='ocrx_word' id='word_1_240' title='bbox 185 1996 301 2062; x_wconf 88' lang='lat' dir='ltr'><strong>deinde,</strong></span> <span class='ocrx_word' id='word_1_241' title='bbox 316 1997 379 2048; x_wconf 91' lang='lat' dir='ltr'><strong>tum</strong></span> <span class='ocrx_word' id='word_1_242' title='bbox 392 2006 456 2064; x_wconf 81' lang='lat' dir='ltr'><strong>qum</strong></span> <span class='ocrx_word' id='word_1_243' title='bbox 471 2005 505 2043; x_wconf 86' lang='grc'><strong>11</strong></span> <span class='ocrx_word' id='word_1_244' title='bbox 519 1986 595 2041; x_wconf 86' lang='lat' dir='ltr'><strong>hisce</strong></span> <span class='ocrx_word' id='word_1_245' title='bbox 611 1987 712 2040; x_wconf 87' lang='lat' dir='ltr'><strong>contra</strong></span> <span class='ocrx_word' id='word_1_246' title='bbox 723 1981 881 2038; x_wconf 90' lang='lat' dir='ltr'><strong>Parisiensc</strong></span> <span class='ocrx_word' id='word_1_247' title='bbox 896 1979 992 2052; x_wconf 92' lang='lat' dir='ltr'><strong>prodi·</strong></span> <span class='ocrx_word' id='word_1_248' title='bbox 1041 1978 1099 2034; x_wconf 88' lang='lat' dir='ltr'><strong>mei</strong></span> <span class='ocrx_word' id='word_1_249' title='bbox 1111 1979 1280 2047; x_wconf 88' lang='lat' dir='ltr'><strong>charissimi,</strong></span> <span class='ocrx_word' id='word_1_250' title='bbox 1296 1981 1363 2053; x_wconf 88' lang='lat' dir='ltr'><strong>quia</strong></span> <span class='ocrx_word' id='word_1_251' title='bbox 1382 1983 1469 2039; x_wconf 88' lang='lat' dir='ltr'><strong>hodie</strong></span> <span class='ocrx_word' id='word_1_252' title='bbox 1493 1988 1536 2040; x_wconf 92' lang='lat' dir='ltr'><strong>est</strong></span> <span class='ocrx_word' id='word_1_253' title='bbox 1559 1985 1632 2041; x_wconf 85' lang='lat' dir='ltr'><strong>teria</strong></span> <span class='ocrx_word' id='word_1_254' title='bbox 1655 1990 1758 2060; x_wconf 81' lang='lat' dir='ltr'><strong>quarta</strong></span> <span class='ocrx_word' id='word_1_255' title='bbox 1784 1992 1850 2061; x_wconf 68' lang='lat' dir='ltr'><strong>post</strong></span> 
     </span>
     <span class='ocr_line' id='line_1_21' title="bbox 185 2067 1850 2159; baseline -0.013 -18"><span class='ocrx_word' id='word_1_256' title='bbox 185 2086 266 2159; x_wconf 85' lang='lat' dir='ltr'><strong>gium</strong></span> <span class='ocrx_word' id='word_1_257' title='bbox 279 2082 431 2138; x_wconf 85' lang='lat' dir='ltr'><strong>difficultas</strong></span> <span class='ocrx_word' id='word_1_258' title='bbox 441 2075 560 2132; x_wconf 80' lang='grc'><strong>11111111</strong></span> <span class='ocrx_word' id='word_1_259' title='bbox 577 2077 674 2146; x_wconf 89' lang='lat' dir='ltr'><strong>queat,</strong></span> <span class='ocrx_word' id='word_1_260' title='bbox 691 2075 752 2126; x_wconf 90' lang='lat' dir='ltr'><strong>tum</strong></span> <span class='ocrx_word' id='word_1_261' title='bbox 774 2070 844 2143; x_wconf 93' lang='lat' dir='ltr'><strong>quid</strong></span> <span class='ocrx_word' id='word_1_262' title='bbox 860 2070 897 2125; x_wconf 88' lang='lat' dir='ltr'><strong>ad</strong></span> <span class='ocrx_word' id='word_1_263' title='bbox 915 2070 991 2124; x_wconf 87' lang='lat' dir='ltr'><strong>hano</strong></span> <span class='ocrx_word' id='word_1_264' title='bbox 1040 2067 1223 2124; x_wconf 88' lang='lat' dir='ltr'><strong>Dominicam</strong></span> <span class='ocrx_word' id='word_1_265' title='bbox 1233 2071 1409 2126; x_wconf 83' lang='lat' dir='ltr'><strong>Palinurum.</strong></span> <span class='ocrx_word' id='word_1_266' title='bbox 1424 2073 1554 2146; x_wconf 86' lang='lat' dir='ltr'><strong>Cumque</strong></span> <span class='ocrx_word' id='word_1_267' title='bbox 1567 2074 1690 2130; x_wconf 89' lang='lat' dir='ltr'><strong>ministri</strong></span> <span class='ocrx_word' id='word_1_268' title='bbox 1697 2076 1779 2148; x_wconf 82' lang='lat' dir='ltr'><strong>jussu</strong></span> <span class='ocrx_word' id='word_1_269' title='bbox 1791 2076 1850 2150; x_wconf 68' lang='lat' dir='ltr'><strong>epi.</strong></span> 
     </span>
     <span class='ocr_line' id='line_1_22' title="bbox 183 2155 1847 2246; baseline -0.008 -16"><span class='ocrx_word' id='word_1_270' title='bbox 183 2170 353 2246; x_wconf 91' lang='lat' dir='ltr'><strong>responderi</strong></span> <span class='ocrx_word' id='word_1_271' title='bbox 369 2168 481 2234; x_wconf 88' lang='lat' dir='ltr'><strong>debeat,</strong></span> <span class='ocrx_word' id='word_1_272' title='bbox 498 2164 670 2235; x_wconf 87' lang='lat' dir='ltr'><strong>adjecturus.</strong></span> <span class='ocrx_word' id='word_1_273' title='bbox 1041 2155 1119 2227; x_wconf 83' lang='lat' dir='ltr'><strong>scopi</strong></span> <span class='ocrx_word' id='word_1_274' title='bbox 1130 2173 1230 2213; x_wconf 87' lang='lat' dir='ltr'><strong>earnes</strong></span> <span class='ocrx_word' id='word_1_275' title='bbox 1245 2159 1357 2214; x_wconf 84' lang='lat' dir='ltr'><strong>auterre</strong></span> <span class='ocrx_word' id='word_1_276' title='bbox 1369 2161 1484 2223; x_wconf 90' lang='lat' dir='ltr'><strong>vellent,</strong></span> <span class='ocrx_word' id='word_1_277' title='bbox 1499 2179 1566 2217; x_wconf 87' lang='lat' dir='ltr'><strong>mox</strong></span> <span class='ocrx_word' id='word_1_278' title='bbox 1575 2166 1607 2218; x_wconf 90' lang='lat' dir='ltr'><strong>ut</strong></span> <span class='ocrx_word' id='word_1_279' title='bbox 1617 2180 1666 2219; x_wconf 90' lang='lat' dir='ltr'><strong>eas</strong></span> <span class='ocrx_word' id='word_1_280' title='bbox 1679 2165 1847 2237; x_wconf 81' lang='lat' dir='ltr'><strong>tetigerunt,</strong></span> 
     </span>
     <span class='ocr_line' id='line_1_23' title="bbox 220 2247 1849 2329; baseline -0.013 -10"><span class='ocrx_word' id='word_1_281' title='bbox 220 2264 282 2319; x_wconf 84' lang='grc'><strong>396.</strong></span> <span class='ocrx_word' id='word_1_282' title='bbox 306 2259 351 2315; x_wconf 91' lang='lat' dir='ltr'><strong>Sic</strong></span> <span class='ocrx_word' id='word_1_283' title='bbox 370 2258 466 2329; x_wconf 89' lang='lat' dir='ltr'><strong>itaque</strong></span> <span class='ocrx_word' id='word_1_284' title='bbox 478 2254 567 2310; x_wconf 86' lang='lat' dir='ltr'><strong>habet</strong></span> <span class='ocrx_word' id='word_1_285' title='bbox 591 2251 637 2307; x_wconf 89' lang='lat' dir='ltr'><strong>hic</strong></span> <span class='ocrx_word' id='word_1_286' title='bbox 660 2249 749 2306; x_wconf 87' lang='lat' dir='ltr'><strong>sancti</strong></span> <span class='ocrx_word' id='word_1_287' title='bbox 770 2248 860 2304; x_wconf 89' lang='lat' dir='ltr'><strong>nostri</strong></span> <span class='ocrx_word' id='word_1_288' title='bbox 874 2248 990 2320; x_wconf 78' lang='lat' dir='ltr'><strong>biogra-</strong></span> <span class='ocrx_word' id='word_1_289' title='bbox 1040 2262 1129 2302; x_wconf 87' lang='lat' dir='ltr'><strong>versae</strong></span> <span class='ocrx_word' id='word_1_290' title='bbox 1142 2247 1250 2303; x_wconf 89' lang='lat' dir='ltr'><strong>suntin</strong></span> <span class='ocrx_word' id='word_1_291' title='bbox 1267 2250 1424 2321; x_wconf 89' lang='lat' dir='ltr'><strong>pulverem,</strong></span> <span class='ocrx_word' id='word_1_292' title='bbox 1441 2251 1612 2308; x_wconf 87' lang='lat' dir='ltr'><strong>mirantibus</strong></span> <span class='ocrx_word' id='word_1_293' title='bbox 1627 2255 1777 2312; x_wconf 88' lang='lat' dir='ltr'><strong>cunctiset</strong></span> <span class='ocrx_word' id='word_1_294' title='bbox 1789 2259 1849 2312; x_wconf 83' lang='lat' dir='ltr'><strong>stu.</strong></span> 
     </span>
     <span class='ocr_line' id='line_1_24' title="bbox 183 2335 1849 2427; baseline -0.008 -18"><span class='ocrx_word' id='word_1_295' title='bbox 183 2354 277 2427; x_wconf 87' lang='lat' dir='ltr'><strong>phos:</strong></span> <span class='ocrx_word' id='word_1_296' title='bbox 294 2372 308 2399; x_wconf 89' lang='lat'>«</span> <span class='ocrx_word' id='word_1_297' title='bbox 325 2348 387 2403; x_wconf 90' lang='lat' dir='ltr'><strong>Non</strong></span> <span class='ocrx_word' id='word_1_298' title='bbox 411 2348 454 2400; x_wconf 92' lang='lat' dir='ltr'><strong>est</strong></span> <span class='ocrx_word' id='word_1_299' title='bbox 476 2342 590 2399; x_wconf 88' lang='lat' dir='ltr'><strong>silentio</strong></span> <span class='ocrx_word' id='word_1_300' title='bbox 605 2338 840 2414; x_wconf 80' lang='lat' dir='ltr'><strong>pratereundum</strong></span> <span class='ocrx_word' id='word_1_301' title='bbox 866 2336 945 2410; x_wconf 90' lang='lat' dir='ltr'><strong>quod</strong></span> <span class='ocrx_word' id='word_1_302' title='bbox 960 2335 991 2390; x_wconf 93' lang='lat' dir='ltr'><strong>in</strong></span> <span class='ocrx_word' id='word_1_303' title='bbox 1042 2336 1186 2410; x_wconf 87' lang='lat' dir='ltr'><strong>pentibus.</strong></span> <span class='ocrx_word' id='word_1_304' title='bbox 1215 2338 1297 2404; x_wconf 85' lang='lat' dir='ltr'><strong>Quod</strong></span> <span class='ocrx_word' id='word_1_305' title='bbox 1311 2355 1377 2395; x_wconf 88' lang='lat' dir='ltr'><strong>cum</strong></span> <span class='ocrx_word' id='word_1_306' title='bbox 1398 2341 1546 2413; x_wconf 88' lang='lat' dir='ltr'><strong>episcopus</strong></span> <span class='ocrx_word' id='word_1_307' title='bbox 1571 2343 1695 2413; x_wconf 87' lang='lat' dir='ltr'><strong>vidisset,</strong></span> <span class='ocrx_word' id='word_1_308' title='bbox 1712 2363 1772 2402; x_wconf 86' lang='lat' dir='ltr'><strong>una</strong></span> <span class='ocrx_word' id='word_1_309' title='bbox 1784 2362 1849 2403; x_wconf 83' lang='lat' dir='ltr'><strong>cum</strong></span> 
     </span>
     <span class='ocr_line' id='line_1_25' title="bbox 183 2425 1849 2514; baseline -0.011 -17"><span class='ocrx_word' id='word_1_310' title='bbox 183 2441 279 2514; x_wconf 92' lang='lat' dir='ltr'><strong>primo</strong></span> <span class='ocrx_word' id='word_1_311' title='bbox 294 2438 425 2510; x_wconf 84' lang='lat' dir='ltr'><strong>ingressu</strong></span> <span class='ocrx_word' id='word_1_312' title='bbox 439 2434 469 2489; x_wconf 92' lang='lat' dir='ltr'><strong>in</strong></span> <span class='ocrx_word' id='word_1_313' title='bbox 485 2430 675 2497; x_wconf 75' lang='lat' dir='ltr'><strong>carthusiam,</strong></span> <span class='ocrx_word' id='word_1_314' title='bbox 691 2431 848 2500; x_wconf 90' lang='lat' dir='ltr'><strong>antequam</strong></span> <span class='ocrx_word' id='word_1_315' title='bbox 857 2441 991 2480; x_wconf 87' lang='lat' dir='ltr'><strong>normam</strong></span> <span class='ocrx_word' id='word_1_316' title='bbox 1041 2425 1699 2501; x_wconf 62' lang='grc'><strong>11111111111111111111111111111111111</strong></span> <span class='ocrx_word' id='word_1_317' title='bbox 1715 2437 1849 2492; x_wconf 62' lang='lat' dir='ltr'><strong>ssrunone</strong></span> 
     </span>
     <span class='ocr_line' id='line_1_26' title="bbox 182 2514 1848 2597; baseline -0.011 2"><span class='ocrx_word' id='word_1_318' title='bbox 182 2526 354 2585; x_wconf 60' lang='grc' dir='ltr'><strong>8111111111ῠᾶ1</strong></span> <span class='ocrx_word' id='word_1_319' title='bbox 363 2518 741 2592; x_wconf 72' lang='lat' dir='ltr'><strong>instituissentstupendum</strong></span> <span class='ocrx_word' id='word_1_320' title='bbox 751 2516 857 2588; x_wconf 81' lang='lat' dir='ltr'><strong>legitur</strong></span> <span class='ocrx_word' id='word_1_321' title='bbox 867 2514 992 2570; x_wconf 82' lang='lat' dir='ltr'><strong>evenisse</strong></span> <span class='ocrx_word' id='word_1_322' title='bbox 1042 2520 1071 2572; x_wconf 92' lang='lat' dir='ltr'><strong>et</strong></span> <span class='ocrx_word' id='word_1_323' title='bbox 1085 2517 1220 2572; x_wconf 83' lang='lat' dir='ltr'><strong>iratribus</strong></span> <span class='ocrx_word' id='word_1_324' title='bbox 1233 2518 1381 2575; x_wconf 88' lang='lat' dir='ltr'><strong>humiliter</strong></span> <span class='ocrx_word' id='word_1_325' title='bbox 1395 2521 1540 2594; x_wconf 91' lang='lat' dir='ltr'><strong>petierunt</strong></span> <span class='ocrx_word' id='word_1_326' title='bbox 1551 2540 1638 2596; x_wconf 88' lang='lat' dir='ltr'><strong>super</strong></span> <span class='ocrx_word' id='word_1_327' title='bbox 1650 2525 1848 2597; x_wconf 86' lang='lat' dir='ltr'><strong>falsojudicio,</strong></span> 
     </span>
     <span class='ocr_line' id='line_1_27' title="bbox 184 2606 1849 2684; baseline -0.011 -9"><span class='ocrx_word' id='word_1_328' title='bbox 184 2618 366 2676; x_wconf 86' lang='lat' dir='ltr'><strong>miraculum.</strong></span> <span class='ocrx_word' id='word_1_329' title='bbox 383 2614 454 2670; x_wconf 85' lang='lat' dir='ltr'><strong>Cum</strong></span> <span class='ocrx_word' id='word_1_330' title='bbox 466 2609 659 2684; x_wconf 87' lang='lat' dir='ltr'><strong>quadamvioe</strong></span> <span class='ocrx_word' id='word_1_331' title='bbox 666 2608 766 2662; x_wconf 88' lang='lat' dir='ltr'><strong>beatus</strong></span> <span class='ocrx_word' id='word_1_332' title='bbox 779 2606 859 2676; x_wconf 77' lang='lat' dir='ltr'><strong>llugo</strong></span> <span class='ocrx_word' id='word_1_333' title='bbox 868 2621 900 2659; x_wconf 91' lang='lat' dir='ltr'><strong>ex</strong></span> <span class='ocrx_word' id='word_1_334' title='bbox 910 2619 992 2658; x_wconf 89' lang='lat' dir='ltr'><strong>moro</strong></span> <span class='ocrx_word' id='word_1_335' title='bbox 1042 2623 1098 2678; x_wconf 90' lang='lat' dir='ltr'><strong>quo</strong></span> <span class='ocrx_word' id='word_1_336' title='bbox 1117 2623 1165 2662; x_wconf 90' lang='lat' dir='ltr'><strong>eos</strong></span> <span class='ocrx_word' id='word_1_337' title='bbox 1172 2608 1302 2678; x_wconf 88' lang='lat' dir='ltr'><strong>judicare</strong></span> <span class='ocrx_word' id='word_1_338' title='bbox 1310 2614 1465 2681; x_wconf 81' lang='lat' dir='ltr'><strong>coeperant.</strong></span> <span class='ocrx_word' id='word_1_339' title='bbox 1478 2613 1623 2670; x_wconf 81' lang='lat' dir='ltr'><strong>Fratribus</strong></span> <span class='ocrx_word' id='word_1_340' title='bbox 1635 2631 1702 2672; x_wconf 75' lang='lat' dir='ltr'><strong>vero</strong></span> <span class='ocrx_word' id='word_1_341' title='bbox 1712 2615 1849 2673; x_wconf 64' lang='lat' dir='ltr'><strong>istudfup</strong></span> 
     </span>
     <span class='ocr_line' id='line_1_28' title="bbox 183 2693 1850 2781; baseline -0.005 -17"><span class='ocrx_word' id='word_1_342' title='bbox 183 2725 266 2765; x_wconf 87' lang='lat' dir='ltr'><strong>suam</strong></span> <span class='ocrx_word' id='word_1_343' title='bbox 280 2705 442 2762; x_wconf 87' lang='lat' dir='ltr'><strong>visitaturus</strong></span> <span class='ocrx_word' id='word_1_344' title='bbox 454 2698 591 2757; x_wconf 88' lang='lat' dir='ltr'><strong>diocesim</strong></span> <span class='ocrx_word' id='word_1_345' title='bbox 606 2697 687 2770; x_wconf 86' lang='lat' dir='ltr'><strong>(sicut</strong></span> <span class='ocrx_word' id='word_1_346' title='bbox 697 2697 726 2751; x_wconf 93' lang='lat' dir='ltr'><strong>in</strong></span> <span class='ocrx_word' id='word_1_347' title='bbox 737 2696 868 2751; x_wconf 80' lang='lat' dir='ltr'><strong>Adventu</strong></span> <span class='ocrx_word' id='word_1_348' title='bbox 880 2693 992 2758; x_wconf 83' lang='grc'><strong>11011-</strong></span> <span class='ocrx_word' id='word_1_349' title='bbox 1042 2696 1163 2765; x_wconf 89' lang='lat' dir='ltr'><strong>occasio,</strong></span> <span class='ocrx_word' id='word_1_350' title='bbox 1191 2700 1222 2752; x_wconf 92' lang='lat' dir='ltr'><strong>ut</strong></span> <span class='ocrx_word' id='word_1_351' title='bbox 1236 2699 1370 2755; x_wconf 86' lang='lat' dir='ltr'><strong>carnibus</strong></span> <span class='ocrx_word' id='word_1_352' title='bbox 1383 2706 1522 2775; x_wconf 91' lang='lat' dir='ltr'><strong>perpetuo</strong></span> <span class='ocrx_word' id='word_1_353' title='bbox 1537 2703 1680 2761; x_wconf 85' lang='lat' dir='ltr'><strong>abstinere</strong></span> <span class='ocrx_word' id='word_1_354' title='bbox 1708 2723 1850 2781; x_wconf 70' lang='lat' dir='ltr'><strong>propone.</strong></span> 
     </span>
     <span class='ocr_line' id='line_1_29' title="bbox 183 2785 1850 2869; baseline -0.001 -15"><span class='ocrx_word' id='word_1_355' title='bbox 183 2796 346 2869; x_wconf 83' lang='lat' dir='ltr'><strong>dragesima</strong></span> <span class='ocrx_word' id='word_1_356' title='bbox 358 2791 555 2862; x_wconf 88' lang='lat' dir='ltr'><strong>consueverat)</strong></span> <span class='ocrx_word' id='word_1_357' title='bbox 574 2787 747 2844; x_wconf 84' lang='lat' dir='ltr'><strong>valediceret</strong></span> <span class='ocrx_word' id='word_1_358' title='bbox 762 2785 908 2851; x_wconf 80' lang='lat' dir='ltr'><strong>iratribus,</strong></span> <span class='ocrx_word' id='word_1_359' title='bbox 929 2800 991 2838; x_wconf 87' lang='lat' dir='ltr'><strong>eos·</strong></span> <span class='ocrx_word' id='word_1_360' title='bbox 1041 2789 1126 2854; x_wconf 90' lang='lat' dir='ltr'><strong>rent;</strong></span> <span class='ocrx_word' id='word_1_361' title='bbox 1143 2787 1221 2858; x_wconf 89' lang='lat' dir='ltr'><strong>quod</strong></span> <span class='ocrx_word' id='word_1_362' title='bbox 1237 2790 1432 2859; x_wconf 85' lang='lat' dir='ltr'><strong>postmodum.</strong></span> <span class='ocrx_word' id='word_1_363' title='bbox 1443 2791 1506 2846; x_wconf 84' lang='lat' dir='ltr'><strong>aliis</strong></span> <span class='ocrx_word' id='word_1_364' title='bbox 1520 2792 1665 2850; x_wconf 88' lang='lat' dir='ltr'><strong>miraculis</strong></span> <span class='ocrx_word' id='word_1_365' title='bbox 1675 2797 1850 2853; x_wconf 87' lang='lat' dir='ltr'><strong>suceedenti-</strong></span> 
     </span>
     <span class='ocr_line' id='line_1_30' title="bbox 184 2873 1796 2960; baseline -0.01 -18"><span class='ocrx_word' id='word_1_366' title='bbox 184 2903 240 2960; x_wconf 88' lang='lat' dir='ltr'><strong>que</strong></span> <span class='ocrx_word' id='word_1_367' title='bbox 264 2882 459 2949; x_wconf 89' lang='lat' dir='ltr'><strong>benediceret,</strong></span> <span class='ocrx_word' id='word_1_368' title='bbox 486 2877 618 2935; x_wconf 90' lang='lat' dir='ltr'><strong>carnium</strong></span> <span class='ocrx_word' id='word_1_369' title='bbox 647 2875 804 2932; x_wconf 83' lang='lat' dir='ltr'><strong>retectione</strong></span> <span class='ocrx_word' id='word_1_370' title='bbox 817 2873 913 2929; x_wconf 85' lang='lat' dir='ltr'><strong>missa.</strong></span> <span class='ocrx_word' id='word_1_371' title='bbox 930 2874 992 2944; x_wconf 79' lang='lat' dir='ltr'><strong>lpse</strong></span> <span class='ocrx_word' id='word_1_372' title='bbox 1042 2874 1104 2943; x_wconf 91' lang='lat' dir='ltr'><strong>bus,</strong></span> <span class='ocrx_word' id='word_1_373' title='bbox 1120 2876 1298 2933; x_wconf 87' lang='lat' dir='ltr'><strong>strictissime</strong></span> <span class='ocrx_word' id='word_1_374' title='bbox 1310 2880 1451 2935; x_wconf 88' lang='lat' dir='ltr'><strong>sancitum</strong></span> <span class='ocrx_word' id='word_1_375' title='bbox 1468 2897 1557 2953; x_wconf 89' lang='lat' dir='ltr'><strong>usque</strong></span> <span class='ocrx_word' id='word_1_376' title='bbox 1570 2883 1658 2938; x_wconf 76' lang='lat' dir='ltr'><strong>hodie</strong></span> <span class='ocrx_word' id='word_1_377' title='bbox 1670 2891 1796 2941; x_wconf 56' lang='lat' dir='ltr'><strong>servant,</strong></span> 
     </span>
     <span class='ocr_line' id='line_1_31' title="bbox 184 2961 1849 3066; baseline -0.002 -34"><span class='ocrx_word' id='word_1_378' title='bbox 184 2973 335 3033; x_wconf 81' lang='lat' dir='ltr'><strong>Dominica</strong></span> <span class='ocrx_word' id='word_1_379' title='bbox 348 2968 606 3045; x_wconf 78' lang='lat' dir='ltr'><strong>quinquagesimae,</strong></span> <span class='ocrx_word' id='word_1_380' title='bbox 622 2967 739 3039; x_wconf 89' lang='lat' dir='ltr'><strong>peracto</strong></span> <span class='ocrx_word' id='word_1_381' title='bbox 762 2962 859 3019; x_wconf 89' lang='lat' dir='ltr'><strong>divino</strong></span> <span class='ocrx_word' id='word_1_382' title='bbox 884 2961 991 3028; x_wconf 84' lang='lat' dir='ltr'><strong>officio,</strong></span> <span class='ocrx_word' id='word_1_383' title='bbox 1005 3005 1029 3066; x_wconf 74' lang='lat' dir='ltr'>C</span> <span class='ocrx_word' id='word_1_384' title='bbox 1079 2965 1244 3021; x_wconf 72' lang='grc'><strong>39111111</strong></span> <span class='ocrx_word' id='word_1_385' title='bbox 1261 2983 1386 3039; x_wconf 89' lang='lat' dir='ltr'><strong>namque</strong></span> <span class='ocrx_word' id='word_1_386' title='bbox 1402 2973 1534 3041; x_wconf 90' lang='lat' dir='ltr'><strong>tempore</strong></span> <span class='ocrx_word' id='word_1_387' title='bbox 1550 2972 1667 3044; x_wconf 87' lang='lat' dir='ltr'><strong>quidum</strong></span> <span class='ocrx_word' id='word_1_388' title='bbox 1679 2973 1794 3045; x_wconf 86' lang='lat' dir='ltr'><strong>juvenis</strong></span> <span class='ocrx_word' id='word_1_389' title='bbox 1803 2992 1849 3047; x_wconf 77' lang='lat' dir='ltr'><strong>ge</strong></span> 
     </span>
     <span class='ocr_line' id='line_1_32' title="bbox 182 3053 1848 3140; baseline -0.007 -17"><span class='ocrx_word' id='word_1_390' title='bbox 182 3074 255 3129; x_wconf 81' lang='lat' dir='ltr'><strong>hora</strong></span> <span class='ocrx_word' id='word_1_391' title='bbox 286 3062 412 3140; x_wconf 88' lang='lat' dir='ltr'><strong>prandii,</strong></span> <span class='ocrx_word' id='word_1_392' title='bbox 439 3057 598 3117; x_wconf 89' lang='lat' dir='ltr'><strong>benedictis</strong></span> <span class='ocrx_word' id='word_1_393' title='bbox 625 3054 704 3129; x_wconf 89' lang='lat' dir='ltr'><strong>prius</strong></span> <span class='ocrx_word' id='word_1_394' title='bbox 732 3053 848 3119; x_wconf 86' lang='lat' dir='ltr'><strong>mensis,</strong></span> <span class='ocrx_word' id='word_1_395' title='bbox 878 3053 992 3106; x_wconf 88' lang='lat' dir='ltr'><strong>sanctus</strong></span> <span class='ocrx_word' id='word_1_396' title='bbox 1043 3069 1114 3108; x_wconf 88' lang='lat' dir='ltr'><strong>nere</strong></span> <span class='ocrx_word' id='word_1_397' title='bbox 1129 3053 1242 3122; x_wconf 92' lang='lat' dir='ltr'><strong>nobilis,</strong></span> <span class='ocrx_word' id='word_1_398' title='bbox 1259 3056 1376 3127; x_wconf 80' lang='lat' dir='ltr'><strong>egregie</strong></span> <span class='ocrx_word' id='word_1_399' title='bbox 1399 3057 1508 3126; x_wconf 89' lang='lat' dir='ltr'><strong>doetus,</strong></span> <span class='ocrx_word' id='word_1_400' title='bbox 1529 3059 1560 3114; x_wconf 91' lang='lat' dir='ltr'><strong>in</strong></span> <span class='ocrx_word' id='word_1_401' title='bbox 1579 3060 1666 3117; x_wconf 91' lang='lat' dir='ltr'><strong>domo</strong></span> <span class='ocrx_word' id='word_1_402' title='bbox 1691 3062 1848 3119; x_wconf 60' lang='lat' dir='ltr'><strong>Carthasim</strong></span> 
     </span>
     <span class='ocr_line' id='line_1_33' title="bbox 183 3137 1849 3227; baseline -0.008 -7"><span class='ocrx_word' id='word_1_403' title='bbox 183 3137 994 3227; x_wconf 62' lang='lat' dir='ltr'><strong>Branchum-profundicordis,locolectionisadinoni·</strong></span> <span class='ocrx_word' id='word_1_404' title='bbox 1042 3144 1220 3197; x_wconf 89' lang='lat' dir='ltr'><strong>monachum</strong></span> <span class='ocrx_word' id='word_1_405' title='bbox 1242 3144 1365 3200; x_wconf 90' lang='lat' dir='ltr'><strong>induens</strong></span> <span class='ocrx_word' id='word_1_406' title='bbox 1383 3147 1566 3204; x_wconf 87' lang='lat' dir='ltr'><strong>laudabiliter</strong></span> <span class='ocrx_word' id='word_1_407' title='bbox 1581 3149 1611 3205; x_wconf 92' lang='lat' dir='ltr'><strong>in</strong></span> <span class='ocrx_word' id='word_1_408' title='bbox 1631 3150 1742 3207; x_wconf 89' lang='lat' dir='ltr'><strong>senium</strong></span> <span class='ocrx_word' id='word_1_409' title='bbox 1761 3169 1849 3225; x_wconf 89' lang='lat' dir='ltr'><strong>usque</strong></span> 
     </span>
     <span class='ocr_line' id='line_1_34' title="bbox 182 3229 1850 3314; baseline -0.013 -5"><span class='ocrx_word' id='word_1_410' title='bbox 182 3254 293 3309; x_wconf 88' lang='lat' dir='ltr'><strong>tionem</strong></span> <span class='ocrx_word' id='word_1_411' title='bbox 309 3239 530 3300; x_wconf 86' lang='lat' dir='ltr'><strong>saluberrimam</strong></span> <span class='ocrx_word' id='word_1_412' title='bbox 542 3232 701 3306; x_wconf 89' lang='lat' dir='ltr'><strong>proposuit,</strong></span> <span class='ocrx_word' id='word_1_413' title='bbox 718 3232 795 3288; x_wconf 90' lang='lat' dir='ltr'><strong>inter</strong></span> <span class='ocrx_word' id='word_1_414' title='bbox 809 3230 865 3285; x_wconf 87' lang='lat' dir='ltr'><strong>alia</strong></span> <span class='ocrx_word' id='word_1_415' title='bbox 880 3229 990 3283; x_wconf 85' lang='lat' dir='ltr'><strong>dicens:</strong></span> <span class='ocrx_word' id='word_1_416' title='bbox 1041 3230 1119 3298; x_wconf 87' lang='lat' dir='ltr'><strong>vixit,</strong></span> <span class='ocrx_word' id='word_1_417' title='bbox 1135 3231 1165 3286; x_wconf 95' lang='lat' dir='ltr'><strong>in</strong></span> <span class='ocrx_word' id='word_1_418' title='bbox 1175 3232 1313 3305; x_wconf 89' lang='lat' dir='ltr'><strong>spirituali</strong></span> <span class='ocrx_word' id='word_1_419' title='bbox 1326 3234 1461 3292; x_wconf 84' lang='grc'><strong>11111111</strong></span> <span class='ocrx_word' id='word_1_420' title='bbox 1471 3239 1634 3309; x_wconf 84' lang='lat' dir='ltr'><strong>proficiens,</strong></span> <span class='ocrx_word' id='word_1_421' title='bbox 1646 3244 1677 3296; x_wconf 90' lang='lat' dir='ltr'><strong>ut</strong></span> <span class='ocrx_word' id='word_1_422' title='bbox 1690 3242 1850 3314; x_wconf 59' lang='lat' dir='ltr'><strong>prophetia</strong></span> 
     </span>
     <span class='ocr_line' id='line_1_35' title="bbox 183 3319 1850 3399; baseline -0.016 -3"><span class='ocrx_word' id='word_1_423' title='bbox 183 3337 385 3399; x_wconf 81' lang='lat' dir='ltr'><strong>Attendamus,</strong></span> <span class='ocrx_word' id='word_1_424' title='bbox 402 3345 463 3396; x_wconf 91' lang='lat' dir='ltr'><strong>oro,</strong></span> <span class='ocrx_word' id='word_1_425' title='bbox 480 3328 583 3381; x_wconf 87' lang='lat' dir='ltr'><strong>tratres</strong></span> <span class='ocrx_word' id='word_1_426' title='bbox 595 3320 764 3388; x_wconf 88' lang='lat' dir='ltr'><strong>charissimi,</strong></span> <span class='ocrx_word' id='word_1_427' title='bbox 778 3319 846 3393; x_wconf 89' lang='lat' dir='ltr'><strong>quia</strong></span> <span class='ocrx_word' id='word_1_428' title='bbox 860 3319 994 3390; x_wconf 87' lang='lat' dir='ltr'><strong>antiquus</strong></span> <span class='ocrx_word' id='word_1_429' title='bbox 1045 3339 1160 3394; x_wconf 86' lang='lat' dir='ltr'><strong>quoque</strong></span> <span class='ocrx_word' id='word_1_430' title='bbox 1174 3322 1307 3394; x_wconf 88' lang='lat' dir='ltr'><strong>spiritum</strong></span> <span class='ocrx_word' id='word_1_431' title='bbox 1321 3325 1428 3381; x_wconf 89' lang='lat' dir='ltr'><strong>babere</strong></span> <span class='ocrx_word' id='word_1_432' title='bbox 1445 3331 1616 3384; x_wconf 76' lang='lat' dir='ltr'><strong>mereretur,</strong></span> <span class='ocrx_word' id='word_1_433' title='bbox 1629 3331 1672 3385; x_wconf 68' lang='lat' dir='ltr'><strong>Ad</strong></span> <span class='ocrx_word' id='word_1_434' title='bbox 1689 3334 1850 3388; x_wconf 61' lang='lat' dir='ltr'><strong>extremum</strong></span> 
     </span>
     <span class='ocr_line' id='line_1_36' title="bbox 183 3409 1852 3492; baseline -0.01 -6"><span class='ocrx_word' id='word_1_435' title='bbox 183 3427 273 3487; x_wconf 84' lang='lat' dir='ltr'><strong>hostis</strong></span> <span class='ocrx_word' id='word_1_436' title='bbox 288 3440 341 3480; x_wconf 92' lang='lat' dir='ltr'><strong>nos</strong></span> <span class='ocrx_word' id='word_1_437' title='bbox 355 3418 470 3490; x_wconf 88' lang='lat' dir='ltr'><strong>decipit.</strong></span> <span class='ocrx_word' id='word_1_438' title='bbox 486 3413 622 3470; x_wconf 83' lang='lat' dir='ltr'><strong>Venimus</strong></span> <span class='ocrx_word' id='word_1_439' title='bbox 638 3410 759 3467; x_wconf 90' lang='lat' dir='ltr'><strong>enimin</strong></span> <span class='ocrx_word' id='word_1_440' title='bbox 775 3425 905 3465; x_wconf 87' lang='lat' dir='ltr'><strong>cremum</strong></span> <span class='ocrx_word' id='word_1_441' title='bbox 919 3409 994 3463; x_wconf 89' lang='lat' dir='ltr'><strong>hano</strong></span> <span class='ocrx_word' id='word_1_442' title='bbox 1044 3428 1111 3467; x_wconf 88' lang='lat' dir='ltr'><strong>vero</strong></span> <span class='ocrx_word' id='word_1_443' title='bbox 1135 3412 1280 3467; x_wconf 84' lang='lat' dir='ltr'><strong>contectus</strong></span> <span class='ocrx_word' id='word_1_444' title='bbox 1293 3414 1374 3471; x_wconf 91' lang='lat' dir='ltr'><strong>senio</strong></span> <span class='ocrx_word' id='word_1_445' title='bbox 1402 3431 1469 3469; x_wconf 89' lang='lat' dir='ltr'><strong>oum</strong></span> <span class='ocrx_word' id='word_1_446' title='bbox 1491 3418 1664 3489; x_wconf 83' lang='lat' dir='ltr'><strong>aegritudinc</strong></span> <span class='ocrx_word' id='word_1_447' title='bbox 1684 3420 1852 3492; x_wconf 69' lang='lat' dir='ltr'><strong>gravissima</strong></span> 
     </span>
     <span class='ocr_line' id='line_1_37' title="bbox 185 3499 1851 3588; baseline -0.005 -17"><span class='ocrx_word' id='word_1_448' title='bbox 185 3509 432 3588; x_wconf 73' lang='lat' dir='ltr'><strong>adponitentiam</strong></span> <span class='ocrx_word' id='word_1_449' title='bbox 442 3499 866 3576; x_wconf 82' lang='lat' dir='ltr'><strong>agendammoreantiquorum</strong></span> <span class='ocrx_word' id='word_1_450' title='bbox 877 3500 995 3553; x_wconf 83' lang='lat' dir='ltr'><strong>Petrum</strong></span> <span class='ocrx_word' id='word_1_451' title='bbox 1045 3503 1202 3568; x_wconf 88' lang='lat' dir='ltr'><strong>teneretur,</strong></span> <span class='ocrx_word' id='word_1_452' title='bbox 1218 3501 1331 3557; x_wconf 90' lang='lat' dir='ltr'><strong>ardenti</strong></span> <span class='ocrx_word' id='word_1_453' title='bbox 1353 3503 1494 3559; x_wconf 87' lang='lat' dir='ltr'><strong>desiderio</strong></span> <span class='ocrx_word' id='word_1_454' title='bbox 1509 3506 1591 3576; x_wconf 90' lang='lat' dir='ltr'><strong>petiit</strong></span> <span class='ocrx_word' id='word_1_455' title='bbox 1611 3525 1629 3562; x_wconf 92' lang='lat' dir='ltr'><strong>a</strong></span> <span class='ocrx_word' id='word_1_456' title='bbox 1652 3508 1760 3581; x_wconf 83' lang='lat' dir='ltr'><strong>priore,</strong></span> <span class='ocrx_word' id='word_1_457' title='bbox 1787 3526 1851 3566; x_wconf 89' lang='lat' dir='ltr'><strong>eum</strong></span> 
     </span>
     <span class='ocr_line' id='line_1_38' title="bbox 185 3585 1852 3674; baseline -0.007 -9"><span class='ocrx_word' id='word_1_458' title='bbox 185 3605 265 3665; x_wconf 88' lang='lat' dir='ltr'><strong>Pauli</strong></span> <span class='ocrx_word' id='word_1_459' title='bbox 280 3597 367 3674; x_wconf 86' lang='lat' dir='ltr'><strong>primi</strong></span> <span class='ocrx_word' id='word_1_460' title='bbox 382 3593 521 3660; x_wconf 82' lang='lat' dir='ltr'><strong>eremitae,</strong></span> <span class='ocrx_word' id='word_1_461' title='bbox 537 3589 665 3656; x_wconf 85' lang='lat' dir='ltr'><strong>Antonii,</strong></span> <span class='ocrx_word' id='word_1_462' title='bbox 687 3587 810 3656; x_wconf 84' lang='lat' dir='ltr'><strong>Arsenii,</strong></span> <span class='ocrx_word' id='word_1_463' title='bbox 832 3585 993 3655; x_wconf 87' lang='lat' dir='ltr'><strong>llilarionis,</strong></span> <span class='ocrx_word' id='word_1_464' title='bbox 1044 3588 1188 3656; x_wconf 79' lang='lat' dir='ltr'><strong>visitante,</strong></span> <span class='ocrx_word' id='word_1_465' title='bbox 1204 3605 1305 3645; x_wconf 88' lang='lat' dir='ltr'><strong>earnes</strong></span> <span class='ocrx_word' id='word_1_466' title='bbox 1319 3591 1373 3646; x_wconf 92' lang='lat' dir='ltr'><strong>sibi</strong></span> <span class='ocrx_word' id='word_1_467' title='bbox 1388 3591 1556 3649; x_wconf 90' lang='lat' dir='ltr'><strong>ministrari.</strong></span> <span class='ocrx_word' id='word_1_468' title='bbox 1582 3597 1679 3652; x_wconf 71' lang='grc'><strong>1111111</strong></span> <span class='ocrx_word' id='word_1_469' title='bbox 1704 3602 1852 3672; x_wconf 86' lang='lat' dir='ltr'><strong>reputans,</strong></span> 
     </span>
     <span class='ocr_line' id='line_1_39' title="bbox 184 3677 1853 3758; baseline -0.013 -6"><span class='ocrx_word' id='word_1_470' title='bbox 184 3689 329 3758; x_wconf 79' lang='grc'><strong>11111111,</strong></span> <span class='ocrx_word' id='word_1_471' title='bbox 346 3691 400 3744; x_wconf 90' lang='lat' dir='ltr'><strong>etc.</strong></span> <span class='ocrx_word' id='word_1_472' title='bbox 417 3680 562 3754; x_wconf 88' lang='lat' dir='ltr'><strong>Numquid</strong></span> <span class='ocrx_word' id='word_1_473' title='bbox 572 3679 601 3735; x_wconf 92' lang='lat' dir='ltr'><strong>hi</strong></span> <span class='ocrx_word' id='word_1_474' title='bbox 611 3678 746 3735; x_wconf 88' lang='lat' dir='ltr'><strong>carnibus</strong></span> <span class='ocrx_word' id='word_1_475' title='bbox 756 3678 953 3743; x_wconf 89' lang='lat' dir='ltr'><strong>vescebantur,</strong></span> <span class='ocrx_word' id='word_1_476' title='bbox 965 3677 997 3729; x_wconf 87' lang='lat' dir='ltr'><strong>ut</strong></span> <span class='ocrx_word' id='word_1_477' title='bbox 1046 3695 1123 3746; x_wconf 90' lang='lat' dir='ltr'><strong>eum,</strong></span> <span class='ocrx_word' id='word_1_478' title='bbox 1142 3682 1246 3751; x_wconf 81' lang='lat' dir='ltr'><strong>agente</strong></span> <span class='ocrx_word' id='word_1_479' title='bbox 1261 3679 1341 3735; x_wconf 91' lang='lat' dir='ltr'><strong>senio</strong></span> <span class='ocrx_word' id='word_1_480' title='bbox 1355 3683 1400 3737; x_wconf 84' lang='lat' dir='ltr'><strong>vel</strong></span> <span class='ocrx_word' id='word_1_481' title='bbox 1415 3682 1596 3754; x_wconf 74' lang='lat' dir='ltr'><strong>egritudine,</strong></span> <span class='ocrx_word' id='word_1_482' title='bbox 1622 3702 1681 3741; x_wconf 88' lang='lat' dir='ltr'><strong>non</strong></span> <span class='ocrx_word' id='word_1_483' title='bbox 1697 3703 1758 3743; x_wconf 68' lang='lat' dir='ltr'><strong>esse</strong></span> <span class='ocrx_word' id='word_1_484' title='bbox 1777 3704 1853 3743; x_wconf 55' lang='lat' dir='ltr'><strong>sana</strong></span> 
     </span>
     <span class='ocr_line' id='line_1_40' title="bbox 187 3765 1855 3852; baseline -0.008 -10"><span class='ocrx_word' id='word_1_485' title='bbox 187 3802 240 3843; x_wconf 90' lang='lat' dir='ltr'><strong>nos</strong></span> <span class='ocrx_word' id='word_1_486' title='bbox 267 3775 428 3852; x_wconf 77' lang='lat' dir='ltr'><strong>caepimus?</strong></span> <span class='ocrx_word' id='word_1_487' title='bbox 453 3770 674 3844; x_wconf 81' lang='lat' dir='ltr'><strong>Responderunt</strong></span> <span class='ocrx_word' id='word_1_488' title='bbox 693 3768 729 3836; x_wconf 88' lang='lat' dir='ltr'><strong>ei,</strong></span> <span class='ocrx_word' id='word_1_489' title='bbox 746 3767 838 3839; x_wconf 92' lang='lat' dir='ltr'><strong>quiin</strong></span> <span class='ocrx_word' id='word_1_490' title='bbox 865 3765 997 3837; x_wconf 90' lang='lat' dir='ltr'><strong>opposita</strong></span> <span class='ocrx_word' id='word_1_491' title='bbox 1047 3767 1162 3835; x_wconf 89' lang='lat' dir='ltr'><strong>mentis,</strong></span> <span class='ocrx_word' id='word_1_492' title='bbox 1174 3770 1223 3821; x_wconf 88' lang='grc'><strong>111</strong></span> <span class='ocrx_word' id='word_1_493' title='bbox 1238 3772 1315 3823; x_wconf 83' lang='grc'><strong>11111</strong></span> <span class='ocrx_word' id='word_1_494' title='bbox 1330 3770 1440 3825; x_wconf 88' lang='lat' dir='ltr'><strong>astutiis</strong></span> <span class='ocrx_word' id='word_1_495' title='bbox 1465 3773 1576 3845; x_wconf 89' lang='lat' dir='ltr'><strong>antiqui</strong></span> <span class='ocrx_word' id='word_1_496' title='bbox 1589 3775 1679 3830; x_wconf 89' lang='lat' dir='ltr'><strong>hostis</strong></span> <span class='ocrx_word' id='word_1_497' title='bbox 1701 3775 1794 3844; x_wconf 91' lang='lat' dir='ltr'><strong>illudi,</strong></span> <span class='ocrx_word' id='word_1_498' title='bbox 1807 3777 1855 3832; x_wconf 87' lang='lat' dir='ltr'><strong>illa</strong></span> 
     </span>
     <span class='ocr_line' id='line_1_41' title="bbox 182 3846 1856 3932; baseline -0.006 -1"><span class='ocrx_word' id='word_1_499' title='bbox 182 3888 289 3932; x_wconf 87' lang='lat' dir='ltr'><strong>mense</strong></span> <span class='ocrx_word' id='word_1_500' title='bbox 303 3866 458 3925; x_wconf 88' lang='lat' dir='ltr'><strong>sedebant:</strong></span> <span class='ocrx_word' id='word_1_501' title='bbox 475 3863 518 3916; x_wconf 75' lang='lat' dir='ltr'><strong>An</strong></span> <span class='ocrx_word' id='word_1_502' title='bbox 534 3876 632 3915; x_wconf 90' lang='lat' dir='ltr'><strong>sumus</strong></span> <span class='ocrx_word' id='word_1_503' title='bbox 646 3874 709 3925; x_wconf 91' lang='lat' dir='ltr'><strong>nos,</strong></span> <span class='ocrx_word' id='word_1_504' title='bbox 724 3855 889 3911; x_wconf 88' lang='lat' dir='ltr'><strong>venerande</strong></span> <span class='ocrx_word' id='word_1_505' title='bbox 901 3857 995 3922; x_wconf 88' lang='lat' dir='ltr'><strong>Pater,</strong></span> <span class='ocrx_word' id='word_1_506' title='bbox 1046 3855 1106 3910; x_wconf 86' lang='lat' dir='ltr'><strong>vice</strong></span> <span class='ocrx_word' id='word_1_507' title='bbox 1122 3855 1304 3912; x_wconf 90' lang='lat' dir='ltr'><strong>dissimulans</strong></span> <span class='ocrx_word' id='word_1_508' title='bbox 1317 3857 1397 3913; x_wconf 86' lang='lat' dir='ltr'><strong>abiit.</strong></span> <span class='ocrx_word' id='word_1_509' title='bbox 1414 3860 1480 3915; x_wconf 86' lang='lat' dir='ltr'><strong>Post</strong></span> <span class='ocrx_word' id='word_1_510' title='bbox 1495 3864 1552 3916; x_wconf 88' lang='lat' dir='ltr'><strong>tres</strong></span> <span class='ocrx_word' id='word_1_511' title='bbox 1562 3879 1628 3918; x_wconf 90' lang='lat' dir='ltr'><strong>vero</strong></span> <span class='ocrx_word' id='word_1_512' title='bbox 1641 3864 1702 3919; x_wconf 92' lang='lat' dir='ltr'><strong>dies</strong></span> <span class='ocrx_word' id='word_1_513' title='bbox 1715 3846 1856 3921; x_wconf 73' lang='lat' dir='ltr'><strong>redeunte</strong></span> 
     </span>
     <span class='ocr_line' id='line_1_42' title="bbox 188 3943 1856 4031; baseline -0.006 -13"><span class='ocrx_word' id='word_1_514' title='bbox 188 3962 315 4031; x_wconf 87' lang='lat' dir='ltr'><strong>majores</strong></span> <span class='ocrx_word' id='word_1_515' title='bbox 329 3972 362 4011; x_wconf 89' lang='lat' dir='ltr'><strong>ac</strong></span> <span class='ocrx_word' id='word_1_516' title='bbox 372 3952 507 4009; x_wconf 85' lang='lat' dir='ltr'><strong>meliores</strong></span> <span class='ocrx_word' id='word_1_517' title='bbox 518 3945 663 4018; x_wconf 86' lang='lat' dir='ltr'><strong>apostolis,</strong></span> <span class='ocrx_word' id='word_1_518' title='bbox 678 3944 781 4017; x_wconf 89' lang='lat' dir='ltr'><strong>quibus</strong></span> <span class='ocrx_word' id='word_1_519' title='bbox 794 3943 930 4015; x_wconf 80' lang='lat' dir='ltr'><strong>pracepit</strong></span> <span class='ocrx_word' id='word_1_520' title='bbox 944 3945 999 3998; x_wconf 82' lang='lat' dir='ltr'><strong>llo·</strong></span> <span class='ocrx_word' id='word_1_521' title='bbox 1047 3943 1085 3998; x_wconf 90' lang='lat' dir='ltr'><strong>ad</strong></span> <span class='ocrx_word' id='word_1_522' title='bbox 1098 3960 1129 3999; x_wconf 88' lang='lat' dir='ltr'><strong>se</strong></span> <span class='ocrx_word' id='word_1_523' title='bbox 1146 3944 1254 4013; x_wconf 90' lang='lat' dir='ltr'><strong>Priore,</strong></span> <span class='ocrx_word' id='word_1_524' title='bbox 1276 3945 1409 4002; x_wconf 84' lang='lat' dir='ltr'><strong>infirmus</strong></span> <span class='ocrx_word' id='word_1_525' title='bbox 1424 3948 1565 4005; x_wconf 90' lang='lat' dir='ltr'><strong>desiderio</strong></span> <span class='ocrx_word' id='word_1_526' title='bbox 1580 3952 1709 4007; x_wconf 88' lang='lat' dir='ltr'><strong>carnium</strong></span> <span class='ocrx_word' id='word_1_527' title='bbox 1737 3957 1810 4009; x_wconf 75' lang='lat' dir='ltr'><strong>aestu</strong></span> <span class='ocrx_word' id='word_1_528' title='bbox 1823 3970 1856 4008; x_wconf 83' lang='lat' dir='ltr'><strong>ns</strong></span> 
     </span>
     <span class='ocr_line' id='line_1_43' title="bbox 190 4032 1855 4114; baseline -0.005 -9"><span class='ocrx_word' id='word_1_529' title='bbox 190 4049 296 4112; x_wconf 90' lang='lat' dir='ltr'><strong>minus,</strong></span> <span class='ocrx_word' id='word_1_530' title='bbox 313 4045 344 4098; x_wconf 90' lang='lat' dir='ltr'><strong>in</strong></span> <span class='ocrx_word' id='word_1_531' title='bbox 359 4053 561 4114; x_wconf 88' lang='lat' dir='ltr'><strong>quameunque</strong></span> <span class='ocrx_word' id='word_1_532' title='bbox 578 4035 698 4090; x_wconf 89' lang='lat' dir='ltr'><strong>domum</strong></span> <span class='ocrx_word' id='word_1_533' title='bbox 725 4032 907 4093; x_wconf 86' lang='lat' dir='ltr'><strong>intraveritis,</strong></span> <span class='ocrx_word' id='word_1_534' title='bbox 930 4036 996 4099; x_wconf 80' lang='grc'><strong>111,</strong></span> <span class='ocrx_word' id='word_1_535' title='bbox 1049 4033 1128 4100; x_wconf 88' lang='grc'><strong>11111,</strong></span> <span class='ocrx_word' id='word_1_536' title='bbox 1143 4050 1172 4088; x_wconf 87' lang='lat' dir='ltr'><strong>se</strong></span> <span class='ocrx_word' id='word_1_537' title='bbox 1185 4034 1286 4106; x_wconf 78' lang='lat' dir='ltr'><strong>gradis</strong></span> <span class='ocrx_word' id='word_1_538' title='bbox 1300 4036 1352 4090; x_wconf 89' lang='lat' dir='ltr'><strong>Dei</strong></span> <span class='ocrx_word' id='word_1_539' title='bbox 1376 4053 1559 4110; x_wconf 87' lang='lat' dir='ltr'><strong>nequaquam</strong></span> <span class='ocrx_word' id='word_1_540' title='bbox 1583 4044 1682 4096; x_wconf 89' lang='lat' dir='ltr'><strong>mente</strong></span> <span class='ocrx_word' id='word_1_541' title='bbox 1698 4042 1855 4098; x_wconf 87' lang='lat' dir='ltr'><strong>alienatum</strong></span> 
     </span>
     <span class='ocr_line' id='line_1_44' title="bbox 190 4122 1855 4203; baseline -0.003 -10"><span class='ocrx_word' id='word_1_542' title='bbox 190 4137 309 4196; x_wconf 88' lang='lat' dir='ltr'><strong>edentes</strong></span> <span class='ocrx_word' id='word_1_543' title='bbox 321 4135 352 4188; x_wconf 89' lang='lat' dir='ltr'><strong>et</strong></span> <span class='ocrx_word' id='word_1_544' title='bbox 370 4128 510 4195; x_wconf 89' lang='lat' dir='ltr'><strong>bibentes,</strong></span> <span class='ocrx_word' id='word_1_545' title='bbox 527 4140 592 4197; x_wconf 84' lang='lat' dir='ltr'><strong>quae</strong></span> <span class='ocrx_word' id='word_1_546' title='bbox 607 4122 684 4192; x_wconf 90' lang='lat' dir='ltr'><strong>apud</strong></span> <span class='ocrx_word' id='word_1_547' title='bbox 696 4122 759 4177; x_wconf 93' lang='lat' dir='ltr'><strong>illos</strong></span> <span class='ocrx_word' id='word_1_548' title='bbox 773 4124 847 4176; x_wconf 92' lang='lat' dir='ltr'><strong>sunt.</strong></span> <span class='ocrx_word' id='word_1_549' title='bbox 865 4122 998 4176; x_wconf 89' lang='lat' dir='ltr'><strong>Brunone</strong></span> <span class='ocrx_word' id='word_1_550' title='bbox 1048 4122 1118 4178; x_wconf 86' lang='lat' dir='ltr'><strong>talia</strong></span> <span class='ocrx_word' id='word_1_551' title='bbox 1131 4123 1232 4178; x_wconf 82' lang='lat' dir='ltr'><strong>dixisse</strong></span> <span class='ocrx_word' id='word_1_552' title='bbox 1245 4141 1251 4192; x_wconf 92' lang='lat'>;</span> <span class='ocrx_word' id='word_1_553' title='bbox 1263 4125 1460 4198; x_wconf 88' lang='lat' dir='ltr'><strong>sedquoniam</strong></span> <span class='ocrx_word' id='word_1_554' title='bbox 1470 4129 1565 4197; x_wconf 91' lang='lat' dir='ltr'><strong>sciret,</strong></span> <span class='ocrx_word' id='word_1_555' title='bbox 1579 4147 1670 4203; x_wconf 89' lang='lat' dir='ltr'><strong>sepro</strong></span> <span class='ocrx_word' id='word_1_556' title='bbox 1682 4133 1855 4189; x_wconf 81' lang='lat' dir='ltr'><strong>certomori·</strong></span> 
     </span>
     <span class='ocr_line' id='line_1_45' title="bbox 188 4210 1857 4291; baseline 0 -16"><span class='ocrx_word' id='word_1_557' title='bbox 188 4241 259 4282; x_wconf 72' lang='lat' dir='ltr'><strong>vero</strong></span> <span class='ocrx_word' id='word_1_558' title='bbox 273 4236 339 4278; x_wconf 85' lang='lat' dir='ltr'><strong>cum</strong></span> <span class='ocrx_word' id='word_1_559' title='bbox 353 4217 419 4284; x_wconf 89' lang='lat' dir='ltr'><strong>illis,</strong></span> <span class='ocrx_word' id='word_1_560' title='bbox 436 4213 523 4287; x_wconf 90' lang='lat' dir='ltr'><strong>quiin</strong></span> <span class='ocrx_word' id='word_1_561' title='bbox 540 4228 591 4267; x_wconf 86' lang='lat' dir='ltr'><strong>sua</strong></span> <span class='ocrx_word' id='word_1_562' title='bbox 605 4210 744 4266; x_wconf 87' lang='lat' dir='ltr'><strong>sedebant</strong></span> <span class='ocrx_word' id='word_1_563' title='bbox 758 4226 868 4277; x_wconf 85' lang='lat' dir='ltr'><strong>mensa,</strong></span> <span class='ocrx_word' id='word_1_564' title='bbox 885 4214 999 4265; x_wconf 88' lang='lat' dir='ltr'><strong>contra·</strong></span> <span class='ocrx_word' id='word_1_565' title='bbox 1049 4217 1146 4268; x_wconf 91' lang='lat' dir='ltr'><strong>turum</strong></span> <span class='ocrx_word' id='word_1_566' title='bbox 1160 4212 1215 4267; x_wconf 85' lang='lat' dir='ltr'><strong>nisi</strong></span> <span class='ocrx_word' id='word_1_567' title='bbox 1229 4215 1359 4269; x_wconf 87' lang='lat' dir='ltr'><strong>carnium</strong></span> <span class='ocrx_word' id='word_1_568' title='bbox 1375 4216 1427 4271; x_wconf 88' lang='lat' dir='ltr'><strong>sibi</strong></span> <span class='ocrx_word' id='word_1_569' title='bbox 1443 4234 1508 4272; x_wconf 87' lang='lat' dir='ltr'><strong>usus</strong></span> <span class='ocrx_word' id='word_1_570' title='bbox 1519 4220 1726 4276; x_wconf 88' lang='lat' dir='ltr'><strong>concederetur</strong></span> <span class='ocrx_word' id='word_1_571' title='bbox 1739 4226 1786 4291; x_wconf 85' lang='lat' dir='ltr'><strong>;et</strong></span> <span class='ocrx_word' id='word_1_572' title='bbox 1795 4223 1857 4278; x_wconf 79' lang='lat' dir='ltr'><strong>haec</strong></span> 
     </span>
     <span class='ocr_line' id='line_1_46' title="bbox 190 4291 1855 4375; baseline -0.005 -3"><span class='ocrx_word' id='word_1_573' title='bbox 190 4317 269 4374; x_wconf 83' lang='lat' dir='ltr'><strong>rium</strong></span> <span class='ocrx_word' id='word_1_574' title='bbox 283 4307 458 4372; x_wconf 88' lang='lat' dir='ltr'><strong>tenentibus,</strong></span> <span class='ocrx_word' id='word_1_575' title='bbox 469 4319 558 4375; x_wconf 88' lang='lat' dir='ltr'><strong>usque</strong></span> <span class='ocrx_word' id='word_1_576' title='bbox 571 4301 601 4356; x_wconf 94' lang='lat' dir='ltr'><strong>in</strong></span> <span class='ocrx_word' id='word_1_577' title='bbox 613 4316 762 4372; x_wconf 88' lang='lat' dir='ltr'><strong>vesperam</strong></span> <span class='ocrx_word' id='word_1_578' title='bbox 773 4299 927 4371; x_wconf 89' lang='lat' dir='ltr'><strong>disputatio</strong></span> <span class='ocrx_word' id='word_1_579' title='bbox 936 4291 1037 4370; x_wconf 89' lang='lat' dir='ltr'><strong>pro-D</strong></span> <span class='ocrx_word' id='word_1_580' title='bbox 1051 4302 1149 4357; x_wconf 88' lang='lat' dir='ltr'><strong>dicens</strong></span> <span class='ocrx_word' id='word_1_581' title='bbox 1161 4301 1358 4357; x_wconf 87' lang='lat' dir='ltr'><strong>obstetabatur</strong></span> <span class='ocrx_word' id='word_1_582' title='bbox 1372 4303 1511 4372; x_wconf 87' lang='lat' dir='ltr'><strong>Priorem,</strong></span> <span class='ocrx_word' id='word_1_583' title='bbox 1527 4307 1581 4362; x_wconf 88' lang='lat' dir='ltr'><strong>nisi</strong></span> <span class='ocrx_word' id='word_1_584' title='bbox 1590 4309 1667 4364; x_wconf 91' lang='lat' dir='ltr'><strong>ocius</strong></span> <span class='ocrx_word' id='word_1_585' title='bbox 1677 4325 1729 4366; x_wconf 91' lang='lat' dir='ltr'><strong>suo</strong></span> <span class='ocrx_word' id='word_1_586' title='bbox 1744 4310 1855 4365; x_wconf 89' lang='lat' dir='ltr'><strong>deside·</strong></span> 
     </span>
     <span class='ocr_line' id='line_1_47' title="bbox 192 4388 1856 4468; baseline -0.001 -13"><span class='ocrx_word' id='word_1_587' title='bbox 192 4405 285 4460; x_wconf 83' lang='lat' dir='ltr'><strong>tracta</strong></span> <span class='ocrx_word' id='word_1_588' title='bbox 296 4400 348 4454; x_wconf 89' lang='lat' dir='ltr'><strong>est.</strong></span> <span class='ocrx_word' id='word_1_589' title='bbox 362 4393 492 4451; x_wconf 86' lang='lat' dir='ltr'><strong>Tandem</strong></span> <span class='ocrx_word' id='word_1_590' title='bbox 504 4389 616 4462; x_wconf 83' lang='lat' dir='ltr'><strong>fatigati</strong></span> <span class='ocrx_word' id='word_1_591' title='bbox 629 4388 799 4443; x_wconf 89' lang='lat' dir='ltr'><strong>inclinantes</strong></span> <span class='ocrx_word' id='word_1_592' title='bbox 816 4404 845 4443; x_wconf 90' lang='lat' dir='ltr'><strong>se</strong></span> <span class='ocrx_word' id='word_1_593' title='bbox 861 4404 950 4459; x_wconf 90' lang='lat' dir='ltr'><strong>usque</strong></span> <span class='ocrx_word' id='word_1_594' title='bbox 965 4388 1002 4442; x_wconf 89' lang='lat' dir='ltr'><strong>ad</strong></span> <span class='ocrx_word' id='word_1_595' title='bbox 1051 4390 1094 4445; x_wconf 89' lang='lat' dir='ltr'><strong>rio</strong></span> <span class='ocrx_word' id='word_1_596' title='bbox 1109 4389 1295 4457; x_wconf 85' lang='lat' dir='ltr'><strong>satisfaceret,</strong></span> <span class='ocrx_word' id='word_1_597' title='bbox 1305 4390 1497 4448; x_wconf 85' lang='lat' dir='ltr'><strong>desuamorte</strong></span> <span class='ocrx_word' id='word_1_598' title='bbox 1505 4395 1535 4449; x_wconf 96' lang='lat' dir='ltr'><strong>in</strong></span> <span class='ocrx_word' id='word_1_599' title='bbox 1549 4395 1698 4468; x_wconf 88' lang='lat' dir='ltr'><strong>diejudicii</strong></span> <span class='ocrx_word' id='word_1_600' title='bbox 1712 4399 1856 4455; x_wconf 82' lang='lat' dir='ltr'><strong>rationem</strong></span> 
     </span>
     <span class='ocr_line' id='line_1_48' title="bbox 194 4477 1857 4553; baseline -0.007 -6"><span class='ocrx_word' id='word_1_601' title='bbox 194 4495 303 4547; x_wconf 85' lang='lat' dir='ltr'><strong>terram</strong></span> <span class='ocrx_word' id='word_1_602' title='bbox 318 4482 547 4542; x_wconf 90' lang='lat' dir='ltr'><strong>obdormierunt.</strong></span> <span class='ocrx_word' id='word_1_603' title='bbox 556 4478 693 4533; x_wconf 83' lang='lat' dir='ltr'><strong>Reversus</strong></span> <span class='ocrx_word' id='word_1_604' title='bbox 703 4480 827 4531; x_wconf 87' lang='lat' dir='ltr'><strong>autema</strong></span> <span class='ocrx_word' id='word_1_605' title='bbox 841 4477 1002 4533; x_wconf 88' lang='lat' dir='ltr'><strong>visitatione</strong></span> <span class='ocrx_word' id='word_1_606' title='bbox 1052 4495 1081 4533; x_wconf 89' lang='lat' dir='ltr'><strong>se</strong></span> <span class='ocrx_word' id='word_1_607' title='bbox 1095 4477 1274 4533; x_wconf 90' lang='lat' dir='ltr'><strong>redditurum</strong></span> <span class='ocrx_word' id='word_1_608' title='bbox 1297 4480 1391 4534; x_wconf 87' lang='lat' dir='ltr'><strong>sciret.</strong></span> <span class='ocrx_word' id='word_1_609' title='bbox 1408 4480 1515 4545; x_wconf 85' lang='lat' dir='ltr'><strong>Quibus</strong></span> <span class='ocrx_word' id='word_1_610' title='bbox 1541 4485 1653 4553; x_wconf 91' lang='lat' dir='ltr'><strong>auditis,</strong></span> <span class='ocrx_word' id='word_1_611' title='bbox 1671 4487 1754 4543; x_wconf 82' lang='lat' dir='ltr'><strong>Prior</strong></span> <span class='ocrx_word' id='word_1_612' title='bbox 1765 4488 1857 4543; x_wconf 73' lang='lat' dir='ltr'><strong>sciens</strong></span> 
     </span>
     <span class='ocr_line' id='line_1_49' title="bbox 190 4565 1857 4651; baseline -0.004 -16"><span class='ocrx_word' id='word_1_613' title='bbox 190 4579 345 4651; x_wconf 83' lang='lat' dir='ltr'><strong>episeopus</strong></span> <span class='ocrx_word' id='word_1_614' title='bbox 360 4570 437 4627; x_wconf 87' lang='lat' dir='ltr'><strong>misit</strong></span> <span class='ocrx_word' id='word_1_615' title='bbox 451 4567 571 4624; x_wconf 90' lang='lat' dir='ltr'><strong>nuncios</strong></span> <span class='ocrx_word' id='word_1_616' title='bbox 585 4565 623 4620; x_wconf 91' lang='lat' dir='ltr'><strong>ad</strong></span> <span class='ocrx_word' id='word_1_617' title='bbox 637 4568 750 4620; x_wconf 88' lang='lat' dir='ltr'><strong>sanctos</strong></span> <span class='ocrx_word' id='word_1_618' title='bbox 764 4565 876 4633; x_wconf 85' lang='lat' dir='ltr'><strong>iratres,</strong></span> <span class='ocrx_word' id='word_1_619' title='bbox 893 4566 1002 4638; x_wconf 79' lang='lat' dir='ltr'><strong>signill-</strong></span> <span class='ocrx_word' id='word_1_620' title='bbox 1052 4568 1200 4623; x_wconf 81' lang='lat' dir='ltr'><strong>infirmum</strong></span> <span class='ocrx_word' id='word_1_621' title='bbox 1208 4567 1301 4625; x_wconf 88' lang='lat' dir='ltr'><strong>virum</strong></span> <span class='ocrx_word' id='word_1_622' title='bbox 1309 4586 1368 4624; x_wconf 84' lang='lat' dir='ltr'><strong>esse</strong></span> <span class='ocrx_word' id='word_1_623' title='bbox 1377 4576 1649 4641; x_wconf 89' lang='lat' dir='ltr'><strong>sanetum,multum</strong></span> <span class='ocrx_word' id='word_1_624' title='bbox 1657 4592 1857 4649; x_wconf 84' lang='lat' dir='ltr'><strong>expavescens,</strong></span> 
     </span>
     <span class='ocr_line' id='line_1_50' title="bbox 195 4654 1859 4740; baseline -0.005 -15"><span class='ocrx_word' id='word_1_625' title='bbox 195 4684 264 4724; x_wconf 83' lang='lat' dir='ltr'><strong>cans</strong></span> <span class='ocrx_word' id='word_1_626' title='bbox 275 4665 316 4721; x_wconf 89' lang='lat' dir='ltr'><strong>eis</strong></span> <span class='ocrx_word' id='word_1_627' title='bbox 330 4663 367 4718; x_wconf 92' lang='lat' dir='ltr'><strong>de</strong></span> <span class='ocrx_word' id='word_1_628' title='bbox 380 4659 474 4716; x_wconf 89' lang='lat' dir='ltr'><strong>reditu</strong></span> <span class='ocrx_word' id='word_1_629' title='bbox 488 4673 551 4725; x_wconf 88' lang='lat' dir='ltr'><strong>suo,</strong></span> <span class='ocrx_word' id='word_1_630' title='bbox 567 4659 595 4710; x_wconf 91' lang='lat' dir='ltr'><strong>et</strong></span> <span class='ocrx_word' id='word_1_631' title='bbox 622 4654 700 4726; x_wconf 91' lang='lat' dir='ltr'><strong>quod</strong></span> <span class='ocrx_word' id='word_1_632' title='bbox 714 4669 796 4709; x_wconf 90' lang='lat' dir='ltr'><strong>more</strong></span> <span class='ocrx_word' id='word_1_633' title='bbox 811 4655 893 4710; x_wconf 90' lang='lat' dir='ltr'><strong>solito</strong></span> <span class='ocrx_word' id='word_1_634' title='bbox 919 4656 1004 4710; x_wconf 89' lang='lat' dir='ltr'><strong>vellet</strong></span> <span class='ocrx_word' id='word_1_635' title='bbox 1053 4661 1225 4713; x_wconf 87' lang='lat' dir='ltr'><strong>conventum</strong></span> <span class='ocrx_word' id='word_1_636' title='bbox 1241 4660 1407 4715; x_wconf 87' lang='lat' dir='ltr'><strong>convocavit</strong></span> <span class='ocrx_word' id='word_1_637' title='bbox 1421 4666 1449 4716; x_wconf 92' lang='lat' dir='ltr'><strong>et</strong></span> <span class='ocrx_word' id='word_1_638' title='bbox 1463 4679 1525 4718; x_wconf 87' lang='lat' dir='ltr'><strong>rem</strong></span> <span class='ocrx_word' id='word_1_639' title='bbox 1541 4680 1659 4721; x_wconf 90' lang='lat' dir='ltr'><strong>omnem</strong></span> <span class='ocrx_word' id='word_1_640' title='bbox 1672 4668 1812 4740; x_wconf 89' lang='lat' dir='ltr'><strong>exposuit.</strong></span> <span class='ocrx_word' id='word_1_641' title='bbox 1823 4669 1859 4723; x_wconf 79' lang='lat' dir='ltr'><strong>At</strong></span> 
     </span>
     <span class='ocr_line' id='line_1_51' title="bbox 198 4742 1860 4829; baseline -0.005 -8"><span class='ocrx_word' id='word_1_642' title='bbox 198 4751 411 4829; x_wconf 64' lang='grc'><strong>861111611111106</strong></span> <span class='ocrx_word' id='word_1_643' title='bbox 431 4751 483 4815; x_wconf 69' lang='grc'><strong>881,</strong></span> <span class='ocrx_word' id='word_1_644' title='bbox 499 4746 546 4801; x_wconf 86' lang='lat' dir='ltr'><strong>die</strong></span> <span class='ocrx_word' id='word_1_645' title='bbox 569 4744 663 4800; x_wconf 78' lang='lat' dir='ltr'><strong>Coenae</strong></span> <span class='ocrx_word' id='word_1_646' title='bbox 677 4742 793 4798; x_wconf 89' lang='lat' dir='ltr'><strong>Domini</strong></span> <span class='ocrx_word' id='word_1_647' title='bbox 809 4760 922 4799; x_wconf 89' lang='lat' dir='ltr'><strong>sumere</strong></span> <span class='ocrx_word' id='word_1_648' title='bbox 937 4761 1003 4800; x_wconf 89' lang='lat' dir='ltr'><strong>curn</strong></span> <span class='ocrx_word' id='word_1_649' title='bbox 1053 4747 1094 4802; x_wconf 92' lang='lat' dir='ltr'><strong>illi</strong></span> <span class='ocrx_word' id='word_1_650' title='bbox 1106 4746 1289 4803; x_wconf 87' lang='lat' dir='ltr'><strong>concorditer</strong></span> <span class='ocrx_word' id='word_1_651' title='bbox 1302 4747 1499 4819; x_wconf 87' lang='lat' dir='ltr'><strong>decreverunt,</strong></span> <span class='ocrx_word' id='word_1_652' title='bbox 1516 4755 1547 4807; x_wconf 92' lang='lat' dir='ltr'><strong>ut</strong></span> <span class='ocrx_word' id='word_1_653' title='bbox 1559 4753 1728 4811; x_wconf 88' lang='lat' dir='ltr'><strong>inextrema</strong></span> <span class='ocrx_word' id='word_1_654' title='bbox 1738 4755 1860 4812; x_wconf 88' lang='lat' dir='ltr'><strong>necessi·</strong></span> 
     </span>
     <span class='ocr_line' id='line_1_52' title="bbox 198 4831 1859 4918; baseline -0.003 -16"><span class='ocrx_word' id='word_1_655' title='bbox 198 4846 239 4902; x_wconf 92' lang='lat' dir='ltr'><strong>eis</strong></span> <span class='ocrx_word' id='word_1_656' title='bbox 251 4840 421 4899; x_wconf 87' lang='lat' dir='ltr'><strong>mandatum</strong></span> <span class='ocrx_word' id='word_1_657' title='bbox 427 4851 546 4892; x_wconf 90' lang='lat' dir='ltr'><strong>novum.</strong></span> <span class='ocrx_word' id='word_1_658' title='bbox 558 4831 682 4887; x_wconf 84' lang='lat' dir='ltr'><strong>Nunnius</strong></span> <span class='ocrx_word' id='word_1_659' title='bbox 690 4834 787 4887; x_wconf 90' lang='lat' dir='ltr'><strong>autem</strong></span> <span class='ocrx_word' id='word_1_660' title='bbox 798 4831 947 4887; x_wconf 90' lang='lat' dir='ltr'><strong>inveniens</strong></span> <span class='ocrx_word' id='word_1_661' title='bbox 955 4850 1004 4888; x_wconf 88' lang='lat' dir='ltr'><strong>eos</strong></span> <span class='ocrx_word' id='word_1_662' title='bbox 1053 4838 1112 4891; x_wconf 90' lang='lat' dir='ltr'><strong>tate</strong></span> <span class='ocrx_word' id='word_1_663' title='bbox 1127 4836 1281 4890; x_wconf 88' lang='lat' dir='ltr'><strong>constituto</strong></span> <span class='ocrx_word' id='word_1_664' title='bbox 1290 4852 1391 4893; x_wconf 87' lang='lat' dir='ltr'><strong>carnes</strong></span> <span class='ocrx_word' id='word_1_665' title='bbox 1405 4839 1647 4898; x_wconf 88' lang='lat' dir='ltr'><strong>ministrarentur.</strong></span> <span class='ocrx_word' id='word_1_666' title='bbox 1662 4846 1859 4918; x_wconf 78' lang='lat' dir='ltr'><strong>iuterrogatus</strong></span> 
     </span>
     <span class='ocr_line' id='line_1_53' title="bbox 199 4919 1860 5000; baseline 0.001 -10"><span class='ocrx_word' id='word_1_667' title='bbox 199 4930 376 4990; x_wconf 89' lang='lat' dir='ltr'><strong>dormientes</strong></span> <span class='ocrx_word' id='word_1_668' title='bbox 382 4927 464 4998; x_wconf 86' lang='lat' dir='ltr'><strong>juxte</strong></span> <span class='ocrx_word' id='word_1_669' title='bbox 481 4938 605 4988; x_wconf 84' lang='lat' dir='ltr'><strong>mensas,</strong></span> <span class='ocrx_word' id='word_1_670' title='bbox 622 4921 737 4976; x_wconf 90' lang='lat' dir='ltr'><strong>intuens</strong></span> <span class='ocrx_word' id='word_1_671' title='bbox 749 4919 834 4975; x_wconf 90' lang='lat' dir='ltr'><strong>simul</strong></span> <span class='ocrx_word' id='word_1_672' title='bbox 849 4936 949 4975; x_wconf 88' lang='lat' dir='ltr'><strong>carnes</strong></span> <span class='ocrx_word' id='word_1_673' title='bbox 963 4921 1005 4978; x_wconf 82' lang='lat' dir='ltr'><strong>tu·</strong></span> <span class='ocrx_word' id='word_1_674' title='bbox 1054 4924 1158 4979; x_wconf 90' lang='lat' dir='ltr'><strong>deinde</strong></span> <span class='ocrx_word' id='word_1_675' title='bbox 1173 4924 1314 4994; x_wconf 79' lang='lat' dir='ltr'><strong>infirmus,</strong></span> <span class='ocrx_word' id='word_1_676' title='bbox 1324 4945 1394 5000; x_wconf 88' lang='lat' dir='ltr'><strong>quas</strong></span> <span class='ocrx_word' id='word_1_677' title='bbox 1415 4931 1596 5000; x_wconf 87' lang='lat' dir='ltr'><strong>potissimum</strong></span> <span class='ocrx_word' id='word_1_678' title='bbox 1607 4934 1860 4991; x_wconf 83' lang='lat' dir='ltr'><strong>carneadesidera·</strong></span> 
     </span>
     <span class='ocr_line' id='line_1_54' title="bbox 198 5009 1859 5095; baseline -0.006 -18"><span class='ocrx_word' id='word_1_679' title='bbox 198 5024 312 5077; x_wconf 88' lang='lat' dir='ltr'><strong>mentes</strong></span> <span class='ocrx_word' id='word_1_680' title='bbox 326 5031 413 5088; x_wconf 86' lang='lat' dir='ltr'><strong>supra</strong></span> <span class='ocrx_word' id='word_1_681' title='bbox 426 5028 551 5080; x_wconf 88' lang='lat' dir='ltr'><strong>mensas,</strong></span> <span class='ocrx_word' id='word_1_682' title='bbox 561 5009 764 5066; x_wconf 87' lang='lat' dir='ltr'><strong>scandalisatus</strong></span> <span class='ocrx_word' id='word_1_683' title='bbox 772 5009 864 5076; x_wconf 86' lang='lat' dir='ltr'><strong>valde,</strong></span> <span class='ocrx_word' id='word_1_684' title='bbox 876 5025 1004 5065; x_wconf 88' lang='lat' dir='ltr'><strong>reversus</strong></span> <span class='ocrx_word' id='word_1_685' title='bbox 1053 5017 1106 5081; x_wconf 92' lang='lat' dir='ltr'><strong>ret,</strong></span> <span class='ocrx_word' id='word_1_686' title='bbox 1120 5015 1278 5085; x_wconf 88' lang='lat' dir='ltr'><strong>respondit,</strong></span> <span class='ocrx_word' id='word_1_687' title='bbox 1295 5018 1426 5089; x_wconf 88' lang='lat' dir='ltr'><strong>perdicis.</strong></span> <span class='ocrx_word' id='word_1_688' title='bbox 1444 5019 1603 5095; x_wconf 87' lang='lat' dir='ltr'><strong>Statimque</strong></span> <span class='ocrx_word' id='word_1_689' title='bbox 1617 5024 1710 5092; x_wconf 70' lang='lat' dir='ltr'><strong>Prior,</strong></span> <span class='ocrx_word' id='word_1_690' title='bbox 1721 5024 1859 5081; x_wconf 64' lang='lat' dir='ltr'><strong>accersito</strong></span> 
     </span>
     <span class='ocr_line' id='line_1_55' title="bbox 198 5097 1858 5176; baseline -0.007 -10"><span class='ocrx_word' id='word_1_691' title='bbox 198 5105 375 5166; x_wconf 83' lang='lat' dir='ltr'><strong>renuntiarit</strong></span> <span class='ocrx_word' id='word_1_692' title='bbox 387 5102 506 5159; x_wconf 88' lang='lat' dir='ltr'><strong>domino</strong></span> <span class='ocrx_word' id='word_1_693' title='bbox 521 5116 571 5155; x_wconf 87' lang='lat' dir='ltr'><strong>suo</strong></span> <span class='ocrx_word' id='word_1_694' title='bbox 588 5115 652 5171; x_wconf 79' lang='lat' dir='ltr'><strong>quae</strong></span> <span class='ocrx_word' id='word_1_695' title='bbox 666 5098 786 5153; x_wconf 76' lang='lat' dir='ltr'><strong>viderat.</strong></span> <span class='ocrx_word' id='word_1_696' title='bbox 799 5099 837 5153; x_wconf 79' lang='lat' dir='ltr'><strong>ht</strong></span> <span class='ocrx_word' id='word_1_697' title='bbox 848 5097 895 5153; x_wconf 93' lang='lat' dir='ltr'><strong>ille</strong></span> <span class='ocrx_word' id='word_1_698' title='bbox 912 5098 1004 5153; x_wconf 85' lang='lat' dir='ltr'><strong>verbis</strong></span> <span class='ocrx_word' id='word_1_699' title='bbox 1049 5103 1155 5174; x_wconf 91' lang='lat' dir='ltr'><strong>juvene</strong></span> <span class='ocrx_word' id='word_1_700' title='bbox 1171 5104 1298 5176; x_wconf 85' lang='lat' dir='ltr'><strong>quodam</strong></span> <span class='ocrx_word' id='word_1_701' title='bbox 1317 5107 1414 5164; x_wconf 71' lang='lat' dir='ltr'><strong>nobile</strong></span> <span class='ocrx_word' id='word_1_702' title='bbox 1435 5111 1578 5167; x_wconf 71' lang='lat' dir='ltr'><strong>monacho</strong></span> <span class='ocrx_word' id='word_1_703' title='bbox 1598 5113 1706 5169; x_wconf 68' lang='lat' dir='ltr'><strong>novitio</strong></span> <span class='ocrx_word' id='word_1_704' title='bbox 1731 5113 1768 5170; x_wconf 71' lang='lat'><strong>,10</strong></span> <span class='ocrx_word' id='word_1_705' title='bbox 1787 5115 1858 5170; x_wconf 67' lang='lat' dir='ltr'><strong>qm.</strong></span> 
     </span>
     <span class='ocr_line' id='line_1_56' title="bbox 199 5186 1861 5276; baseline -0.001 -25"><span class='ocrx_word' id='word_1_706' title='bbox 199 5196 274 5252; x_wconf 89' lang='lat' dir='ltr'><strong>illius</strong></span> <span class='ocrx_word' id='word_1_707' title='bbox 288 5211 347 5249; x_wconf 90' lang='lat' dir='ltr'><strong>non</strong></span> <span class='ocrx_word' id='word_1_708' title='bbox 361 5191 483 5247; x_wconf 89' lang='lat' dir='ltr'><strong>credidit</strong></span> <span class='ocrx_word' id='word_1_709' title='bbox 496 5189 587 5244; x_wconf 90' lang='lat' dir='ltr'><strong>donec</strong></span> <span class='ocrx_word' id='word_1_710' title='bbox 602 5186 707 5241; x_wconf 91' lang='lat' dir='ltr'><strong>nuncio</strong></span> <span class='ocrx_word' id='word_1_711' title='bbox 720 5186 845 5241; x_wconf 91' lang='lat' dir='ltr'><strong>secundo</strong></span> <span class='ocrx_word' id='word_1_712' title='bbox 862 5186 1004 5258; x_wconf 88' lang='lat' dir='ltr'><strong>tertioque</strong></span> <span class='ocrx_word' id='word_1_713' title='bbox 1053 5190 1203 5263; x_wconf 89' lang='lat' dir='ltr'><strong>tianopoli,</strong></span> <span class='ocrx_word' id='word_1_714' title='bbox 1221 5193 1306 5264; x_wconf 85' lang='lat' dir='ltr'><strong>jussit</strong></span> <span class='ocrx_word' id='word_1_715' title='bbox 1317 5198 1349 5250; x_wconf 93' lang='lat' dir='ltr'><strong>ut</strong></span> <span class='ocrx_word' id='word_1_716' title='bbox 1364 5212 1381 5250; x_wconf 90' lang='lat' dir='ltr'><strong>a</strong></span> <span class='ocrx_word' id='word_1_717' title='bbox 1394 5199 1577 5255; x_wconf 87' lang='lat' dir='ltr'><strong>venatoribus</strong></span> <span class='ocrx_word' id='word_1_718' title='bbox 1601 5204 1748 5274; x_wconf 86' lang='lat' dir='ltr'><strong>acceptam</strong></span> <span class='ocrx_word' id='word_1_719' title='bbox 1764 5202 1861 5276; x_wconf 67' lang='lat' dir='ltr'><strong>pardi·</strong></span> 
     </span>
     <span class='ocr_line' id='line_1_57' title="bbox 200 5277 1857 5363; baseline -0.008 -3"><span class='ocrx_word' id='word_1_720' title='bbox 200 5283 299 5349; x_wconf 67' lang='lat' dir='ltr'><strong>mi⁵⁸⁰2</strong></span> <span class='ocrx_word' id='word_1_721' title='bbox 312 5280 391 5335; x_wconf 60' lang='lat' dir='ltr'><strong>idem</strong></span> <span class='ocrx_word' id='word_1_722' title='bbox 405 5277 600 5335; x_wconf 56' lang='lat' dir='ltr'><strong>nunciaretur·</strong></span> <span class='ocrx_word' id='word_1_723' title='bbox 617 5296 632 5324; x_wconf 84' lang='lat'>»</span> <span class='ocrx_word' id='word_1_724' title='bbox 1053 5296 1117 5336; x_wconf 90' lang='lat' dir='ltr'><strong>cem</strong></span> <span class='ocrx_word' id='word_1_725' title='bbox 1144 5281 1245 5337; x_wconf 81' lang='lat' dir='ltr'><strong>afferet</strong></span> <span class='ocrx_word' id='word_1_726' title='bbox 1257 5282 1382 5340; x_wconf 80' lang='lat' dir='ltr'><strong>infirmo.</strong></span> <span class='ocrx_word' id='word_1_727' title='bbox 1396 5287 1445 5341; x_wconf 93' lang='lat' dir='ltr'><strong>llle</strong></span> <span class='ocrx_word' id='word_1_728' title='bbox 1468 5304 1536 5343; x_wconf 91' lang='lat' dir='ltr'><strong>vero</strong></span> <span class='ocrx_word' id='word_1_729' title='bbox 1550 5288 1611 5345; x_wconf 90' lang='lat' dir='ltr'><strong>sine</strong></span> <span class='ocrx_word' id='word_1_730' title='bbox 1635 5307 1718 5346; x_wconf 90' lang='lat' dir='ltr'><strong>mora</strong></span> <span class='ocrx_word' id='word_1_731' title='bbox 1739 5307 1857 5363; x_wconf 81' lang='lat' dir='ltr'><strong>perrex-</strong></span> 
     </span>
     <span class='ocr_line' id='line_1_58' title="bbox 237 5362 1857 5453; baseline 0 -27"><span class='ocrx_word' id='word_1_732' title='bbox 237 5373 299 5425; x_wconf 74' lang='grc'><strong>3111.</strong></span> <span class='ocrx_word' id='word_1_733' title='bbox 315 5368 494 5440; x_wconf 81' lang='lat' dir='ltr'><strong>stupetactus</strong></span> <span class='ocrx_word' id='word_1_734' title='bbox 510 5365 668 5438; x_wconf 88' lang='lat' dir='ltr'><strong>episcopus,</strong></span> <span class='ocrx_word' id='word_1_735' title='bbox 683 5379 737 5417; x_wconf 90' lang='lat' dir='ltr'><strong>nec</strong></span> <span class='ocrx_word' id='word_1_736' title='bbox 750 5362 842 5417; x_wconf 88' lang='lat' dir='ltr'><strong>adhuc</strong></span> <span class='ocrx_word' id='word_1_737' title='bbox 850 5363 938 5418; x_wconf 81' lang='lat' dir='ltr'><strong>sidem</strong></span> <span class='ocrx_word' id='word_1_738' title='bbox 953 5363 1002 5419; x_wconf 88' lang='lat' dir='ltr'><strong>ad·</strong></span> <span class='ocrx_word' id='word_1_739' title='bbox 1053 5372 1115 5424; x_wconf 91' lang='lat' dir='ltr'><strong>tum</strong></span> <span class='ocrx_word' id='word_1_740' title='bbox 1127 5374 1246 5441; x_wconf 89' lang='lat' dir='ltr'><strong>propter</strong></span> <span class='ocrx_word' id='word_1_741' title='bbox 1260 5373 1414 5444; x_wconf 89' lang='lat' dir='ltr'><strong>superioris</strong></span> <span class='ocrx_word' id='word_1_742' title='bbox 1428 5376 1634 5447; x_wconf 87' lang='lat' dir='ltr'><strong>obedientiam,</strong></span> <span class='ocrx_word' id='word_1_743' title='bbox 1652 5382 1716 5435; x_wconf 87' lang='lat' dir='ltr'><strong>tum</strong></span> <span class='ocrx_word' id='word_1_744' title='bbox 1737 5385 1857 5453; x_wconf 63' lang='lat' dir='ltr'><strong>propter</strong></span> 
     </span>
     <span class='ocr_line' id='line_1_59' title="bbox 201 5452 1857 5544; baseline 0.006 -30"><span class='ocrx_word' id='word_1_745' title='bbox 201 5457 304 5524; x_wconf 88' lang='lat' dir='ltr'><strong>hibuit,</strong></span> <span class='ocrx_word' id='word_1_746' title='bbox 320 5456 475 5528; x_wconf 89' lang='lat' dir='ltr'><strong>dicensque</strong></span> <span class='ocrx_word' id='word_1_747' title='bbox 493 5472 500 5509; x_wconf 89' lang='lat'>:</span> <span class='ocrx_word' id='word_1_748' title='bbox 525 5454 583 5510; x_wconf 87' lang='lat' dir='ltr'><strong>Nisi</strong></span> <span class='ocrx_word' id='word_1_749' title='bbox 596 5453 656 5526; x_wconf 89' lang='lat' dir='ltr'><strong>ipss</strong></span> <span class='ocrx_word' id='word_1_750' title='bbox 675 5452 785 5520; x_wconf 88' lang='lat' dir='ltr'><strong>videro,</strong></span> <span class='ocrx_word' id='word_1_751' title='bbox 801 5468 860 5508; x_wconf 93' lang='lat' dir='ltr'><strong>non</strong></span> <span class='ocrx_word' id='word_1_752' title='bbox 874 5453 1002 5521; x_wconf 88' lang='lat' dir='ltr'><strong>credam,</strong></span> <span class='ocrx_word' id='word_1_753' title='bbox 1052 5458 1222 5516; x_wconf 85' lang='lat' dir='ltr'><strong>charitatem</strong></span> <span class='ocrx_word' id='word_1_754' title='bbox 1229 5463 1857 5544; x_wconf 69' lang='lat' dir='ltr'><strong>ergeintlrmurn,enjusdiscipulusiueral,et</strong></span> 
     </span>
     <span class='ocr_line' id='line_1_60' title="bbox 202 5540 1004 5618; baseline -0.009 -10"><span class='ocrx_word' id='word_1_755' title='bbox 202 5556 416 5618; x_wconf 67' lang='lat' dir='ltr'><strong>uoemequo,</strong></span> <span class='ocrx_word' id='word_1_756' title='bbox 429 5541 510 5600; x_wconf 86' lang='lat' dir='ltr'><strong>venit</strong></span> <span class='ocrx_word' id='word_1_757' title='bbox 530 5543 561 5600; x_wconf 87' lang='lat' dir='ltr'><strong>in</strong></span> <span class='ocrx_word' id='word_1_758' title='bbox 582 5546 724 5602; x_wconf 82' lang='lat' dir='ltr'><strong>montem.</strong></span> <span class='ocrx_word' id='word_1_759' title='bbox 740 5540 793 5599; x_wconf 90' lang='lat' dir='ltr'><strong>Ubi</strong></span> <span class='ocrx_word' id='word_1_760' title='bbox 812 5558 879 5600; x_wconf 87' lang='lat' dir='ltr'><strong>eum</strong></span> <span class='ocrx_word' id='word_1_761' title='bbox 904 5541 1004 5601; x_wconf 87' lang='lat' dir='ltr'><strong>omnia</strong></span> 
     </span>
    </p>
   </div>
   <div class='ocr_carea' id='block_1_3' title="bbox 0 0 1899 5970">
    <p class='ocr_par' dir='ltr' id='par_1_3' title="bbox 0 0 1899 5970">
     <span class='ocr_line' id='line_1_61' title="bbox 0 0 1899 5970; baseline 0 0"><span class='ocrx_word' id='word_1_762' title='bbox 0 0 1899 5970; x_wconf 95' lang='lat' dir='ltr'><strong> </strong></span> 
     </span>
    </p>
   </div>
  </div>
 </body>
</html>
