3772 5976
103 232 161 313 ιω
617 244 796 317 sxrosmo
813 247 850 312 u
867 247 1035 315 rsauuos.
1052 276 1091 300 -
1106 248 1204 316 rsus.
1224 250 1258 316 u
1431 318 1439 333 ,
1715 261 1770 335 uo

108 369 223 431 cultum
238 386 354 431 movere
368 369 502 433 intendet
513 388 566 449 per
573 373 806 440 tribulationem,
815 377 914 434 etsen·
929 374 1027 479 Atlne
1038 376 1140 435 mundi
1151 377 1669 461 futurum,etlldelespersecuturum,
1680 406 1769 468 quem

108 463 186 541 ginis
194 464 247 521 sibi
255 465 373 521 credere
382 466 545 522 nolentium
557 466 917 526 cllusionem.PerAbime-
968 467 1003 522 de
1021 469 1131 524 malitia
1141 487 1191 525 sua
1202 471 1342 544 increpat,
1354 477 1509 532 ostendens
1519 480 1596 551 quod
1606 483 1769 557 eademipsl

108 552 173 613 lech
188 558 297 623 autem,
309 554 359 628 qui
384 573 494 625 reanum
505 557 590 627 petris
605 558 657 610 arrei
675 559 768 624 sonat,
785 557 914 613 collectio
970 556 1024 613 erit
1037 574 1121 614 causa
1135 560 1312 618 omnimodae
1328 563 1538 636 destructionis,
1550 574 1579 623 ut
1587 570 1661 642 ipsos
1670 572 1768 632 fideles

108 643 242 716 signatur
254 645 383 700 fidolium
391 645 420 699 in
431 650 563 718 tempore
572 646 738 701 Antichristi
750 647 915 702 futurorum
967 645 998 702 in
1011 651 1145 719 tempore
1155 649 1215 720 ejus
1223 651 1343 720 tuturos,
1355 671 1427 726 quos
1439 655 1499 727 ipsc
1509 665 1697 732 persequetur
1705 680 1768 719 cor·

108 732 159 807 qui
167 733 299 799 Davidid
308 734 661 791 esthristumindomum
673 752 754 790 suam
764 736 913 808 recipient,
965 737 1304 809 roboretineonstautia‚
1325 746 1353 797 et
1374 760 1423 799 eos
1431 745 1467 800 ab
1480 745 1553 802 illius
1565 750 1769 808 conformitate

108 821 140 880 id
154 825 197 877 est
210 822 241 878 in
256 839 285 878 se
301 823 350 896 qui
361 823 464 880 domus
472 827 532 896 ejus
546 828 641 890 erunt,
665 842 724 880 non
738 827 916 897 abnegantes
966 826 1097 880 retrabat
1126 826 1202 890 Orias
1215 830 1304 884 etiarn
1321 831 1429 900 fideles,
1443 834 1767 909 adipsorumsolatium,

108 927 177 969 eum
195 911 299 968 timore
315 918 418 985 poenoe.
453 898 537 986 175
552 913 914 979 Quoscumviderittlnti-
965 914 1770 992 praedicitergaDcumtimoremhabituros‚eteumlau·

110 1000 235 1056 christus
248 1003 389 1074 recepisse
403 1004 503 1071 band,
520 1021 574 1060 nec
589 1004 661 1058 velle
675 1003 831 1070 dimittere,
848 1002 916 1057 dicit
967 1002 1095 1069 daturos,
1113 1005 1297 1076 praevidendo
1310 1013 1530 1084 mortemlpsius
1541 1016 1768 1090 Antichristime,

109 1088 189 1149 Sauli
204 1094 235 1145 ut
250 1092 327 1165 ipsos
340 1092 503 1161 interficiat,
517 1093 597 1149 idest
612 1093 768 1166 praecipiet,
778 1109 837 1147 non
848 1109 915 1150 voce
966 1091 989 1146 si
1006 1091 1164 1149 defecerint
1178 1112 1195 1149 a
1211 1096 1316 1153 timore
1331 1103 1360 1154 et
1374 1103 1458 1157 laude
1470 1103 1530 1171 Dei,
1542 1105 1580 1160 sic
1596 1109 1624 1161 et
1633 1107 1686 1178 ipsi
1696 1110 1770 1166 sient

108 1180 161 1237 sed
178 1181 442 1245 allectionemortl.
452 1181 817 1238 utinterlieiatltbimelcch
827 1180 917 1247 ,idest
966 1180 1157 1239 Antichristus
1169 1189 1302 1255 pereant,
1317 1190 1345 1243 et
1358 1189 1387 1243 in
1398 1189 1500 1261 judicii
1515 1193 1560 1250 die
1575 1197 1719 1266 promittit
1729 1201 1770 1273 ip·

108 1267 191 1327 illam
205 1271 408 1327 collectionem
421 1271 562 1338 fidelium,
585 1289 649 1344 quae
665 1270 913 1342 Davidrcceperrt,
967 1269 1004 1325 sis
1019 1270 1161 1341 fidelibus,
1179 1275 1215 1330 ad
1226 1292 1326 1334 corum
1345 1281 1573 1338 consolationem
1588 1287 1665 1358 quod
1675 1287 1769 1359 ipsum

110 1358 189 1433 quod
199 1363 242 1414 est
255 1359 349 1415 dicere
364 1378 370 1416 :
386 1361 551 1429 lnterticiet,
572 1377 674 1416 omnes
690 1360 753 1415 illos
769 1360 817 1431 qui
831 1363 916 1415 erunt
965 1360 1172 1418 Antichristum
1189 1365 1370 1423 deridebunt.

107 1447 291 1516 Abimeteeh‚
302 1449 383 1506 idest
391 1467 515 1523 regnum
526 1450 615 1523 patris
629 1450 717 1523 ipsius
729 1449 828 1516 David,
844 1449 916 1504 scili·
1004 1448 1076 1516 Quid
1090 1452 1217 1523 pluriora
1238 1456 1266 1509 iu
1290 1458 1406 1527 malitia,
1421 1459 1451 1516 id
1478 1464 1530 1530 est,
1547 1469 1769 1541 propterquam

109 1549 156 1605 Μ
167 1547 199 1603 in
215 1548 317 1621 quibus
330 1549 463 1620 regnabit
478 1551 553 1604 neus
563 1548 767 1604 paterchristi,
782 1546 914 1604 perSan.
967 1539 1122 1598 utilitatem
1131 1542 1309 1612 periuriaid
1321 1551 1374 1616 cst,
1391 1550 1496 1606 laetaris
1511 1553 1541 1608 in
1555 1556 1768 1614 rualiticvcrbo-

108 1635 169 1694 lem
179 1654 258 1705 vero,
273 1638 322 1710 qui
332 1637 680 1710 interpretaturoppetitio,
692 1638 766 1692 bene
779 1653 858 1692 mors
868 1636 916 1690 de·
966 1645 1041 1696 rum,
1057 1633 1086 1685 et
1100 1631 1309 1703 cogitationum
1325 1639 1353 1690 ct
1368 1641 1495 1709 actuum,
1510 1646 1611 1698 eontra
1625 1645 1769 1717 fideles,tu

109 1725 252 1798 gignatur,
268 1744 332 1799 quae
348 1729 517 1799 frequenter
532 1728 567 1783 ab
581 1727 745 1782 infidelibus
759 1742 812 1797 per
838 1728 914 1782 mala
930 1718 1149 1794 BAntichriste,
1162 1723 1210 1792 qui
1218 1728 1313 1792 pateus
1336 1742 1363 1778 es
1392 1727 1420 1780 in
1447 1730 1596 1801 iniquitate,
1609 1732 1640 1788 id
1654 1740 1706 1802 est,
1722 1737 1767 1793 cui

110 1831 202 1888 opera
218 1816 374 1888 appetitur.
965 1808 1238 1880 permittituraltco
1252 1817 1377 1881 potestas
1392 1815 1550 1888 iniquitatis
1563 1826 1768 1882 exercendaein

145 1904 218 1961 Cum
239 1907 337 1961 autem
357 1921 416 1961 non
432 1904 467 1960 de
483 1904 612 1970 historie,
635 1905 686 1960 sed
702 1903 737 1959 de
752 1903 913 1977 significato
965 1896 1041 1969 ipsos
1065 1898 1175 1965 fideles,
1191 1905 1311 1973 propter
1326 1904 1436 1960 nullam
1456 1907 1611 1965 utilitatem
1639 1913 1767 1971 scilicet?

111 1991 242 2051 historias
250 1995 440 2067 Prophetasit
452 1996 800 2067 inbocpsalmoacturus;
817 1994 914 2049 titulus
966 1986 1051 2051 Quasi
1077 1986 1203 2044 dicere&
1229 1992 1403 2062 liaflttrt'ssfl'f
1418 1997 1446 2050 ¹¹²²
1469 1998 1584 2066 malitia,
1598 2003 1679 2072 quasi
1694 2008 1768 2061 esset

106 2083 211 2138 tamen
238 2083 322 2155 juxta
351 2083 478 2139 historiae
504 2085 736 2152 similitudinem,
757 2100 816 2139 non
832 2082 914 2138 atde
964 2091 1011 2130 res
1031 2076 1163 2146 honesta,
1180 2080 1224 2134 vel
1240 2081 1320 2152 quasi
1336 2084 1472 2154 quaslibet
1485 2086 1593 2143 utilitas
1614 2089 1681 2145 inde
1694 2096 1768 2148 esset

107 2169 219 2238 futuro,
236 2171 287 2226 sed
302 2172 384 2245 quasi
400 2172 435 2227 de
465 2173 610 2245 praeterito
627 2175 755 2245 ponitur,
786 2189 851 2229 cum
878 2172 913 2227 de
964 2168 1767 2254 secutura,sednequemalitiareshonestaest,neque

107 2256 208 2317 futuro
220 2259 420 2332 intelligatur;
438 2262 487 2334 qui
503 2261 543 2316 sic
571 2262 742 2333 exponitur:
757 2261 912 2316 Intellectus
962 2254 1030 2310 inde
1037 2257 1185 2328 continget
1194 2258 1363 2327 utilitas‚sed
1372 2260 1766 2337 damnatio,Exp0nitautem

106 2346 195 2419 bidus
210 2350 325 2421 psalmi,
343 2350 373 2405 id
392 2353 435 2406 est
450 2350 610 2407 intellectus
633 2351 682 2422 qui
708 2350 868 2422 concipitur
883 2350 912 2405 in
963 2343 1056 2416 ipsam
1073 2346 1214 2402 malitiam
1242 2364 1295 2419 per
1318 2352 1423 2422 partes,
1440 2355 1472 2405 ut
1491 2359 1629 2425 appareat
1644 2373 1703 2413 esse
1721 2375 1767 2415 res

107 2434 164 2493 hoc
180 2438 315 2506 tractatu,
330 2438 581 2506 attribuendusfest
592 2438 683 2494 Dauid
695 2441 854 2512 prophete,
870 2454 913 2492 re·
963 2433 1126 2493 inhonesta.
1137 2435 1218 2492 Dixi:
1239 2436 1311 2503 Quid
1332 2440 1459 2508 qtoricris
1482 2443 1510 2495 in
1526 2443 1640 2513 cratitio,
1657 2450 1686 2502 et
1699 2465 1767 2504 vere

109 2523 244 2598 spicienti
258 2527 287 2581 in
303 2528 487 2596 fincmmuudi
500 2546 506 2582 :
521 2529 636 2584 habitus
660 2529 712 2583 iste
742 2529 912 2594 intellectus,
964 2523 1098 2595 gloriaris
1111 2526 1141 2580 in
1157 2542 1200 2580 ea.
1216 2527 1288 2581 Nam
1300 2534 1355 2582 toto
1365 2529 1417 2595 dic,
1434 2529 1530 2598 idest,
1543 2533 1662 2606 jugiter,
1674 2536 1766 2608 lrbpuo

109 2629 172 2670 cum
199 2617 310 2671 emisset
333 2615 423 2671 Doecb
436 2616 582 2687 idumeus,
599 2618 628 2674 id
644 2621 686 2674 est
702 2635 766 2673 cum
782 2615 912 2681 conside·
964 2619 1010 2666 tua
1035 2613 1169 2682 interior,
1186 2614 1284 2682 idest,
1301 2617 1451 2673 meditatio
1467 2620 1561 2676 cordis
1574 2623 1615 2678 tui
1628 2627 1765 2696 recitauit,

109 2706 202 2759 resset
215 2704 293 2776 quod
309 2705 403 2761 reniet
417 2707 616 2775 Antichristus,
628 2707 658 2762 id
673 2710 714 2762 est
730 2705 873 2779 regnabit,
888 2710 913 2758 et
963 2702 1135 2772 injustitiam,
1150 2705 1247 2773 idest,
1264 2705 1384 2776 injustas
1397 2707 1597 2778 cogitationes,
1618 2716 1765 2783 quomodo

111 2796 286 2849 annuntiavit
301 2794 378 2864 Saul,
396 2800 425 2850 et
440 2795 544 2851 dixitei
556 2814 562 2851 :
576 2797 656 2851 Venit
663 2795 754 2850 Dauid
763 2799 791 2850 in
805 2794 913 2850 doricum
962 2790 1068 2847 seilicet
1080 2793 1179 2848 fideles
1189 2796 1277 2865 alege
1288 2795 1338 2849 Dei
1345 2811 1503 2853 revocares.
1514 2798 1657 2863 Quoniam
1668 2806 1766 2857 autem

110 2882 276 2939 Adimelccb.
291 2885 353 2939 Non
369 2884 437 2940 dicit
452 2885 634 2941 annuntiavit
646 2887 675 2939 et
689 2884 761 2940 dixit
775 2884 852 2956 quod
865 2883 914 2937 ali·
963 2880 1056 2936 cordis
1067 2882 1156 2953 loqui,
1172 2882 1244 2937 nihil
1257 2882 1334 2937 aliud
1347 2886 1389 2937 est
1409 2902 1496 2956 quam
1514 2887 1659 2957 meditari,
1671 2892 1764 2947 medi·

110 2972 181 3047 quid
190 2972 226 3029 sit
236 2977 403 3030 cummorte
412 2976 572 3031 locuturus:
582 2975 714 3046 cumipse
724 2974 858 3046 morsjeut
867 2990 913 3028 res
962 2971 1033 3025 tatio
1047 2987 1100 3042 pro
1115 2971 1215 3043 lingua
1229 2971 1342 3038 dicitur,
1354 2975 1382 3027 et
1403 2957 1488 3045 176
1504 2993 1562 3030 non
1578 2979 1670 3033 solum
1686 2980 1765 3052 cogi-

109 3060 482 3136 incorporeasitautpotius
495 3063 574 3132 nihil,
587 3063 637 3118 sed
647 3061 912 3118 adsimilitudinem
928 3023 1041 3125 Crasti,
1057 3059 1107 3115 sed
1123 3059 1211 3115 etiam
1224 3061 1313 3130 secuti
1325 3061 1426 3130 daturo,
1441 3062 1470 3116 id
1496 3067 1540 3117 est
1555 3064 1655 3122 dolosa
1668 3069 1764 3135 verba,

110 3150 240 3209 historia·
249 3151 332 3220 dicit3
349 3151 390 3207 ite
405 3152 553 3207 suscitabit
567 3151 912 3208 mortemadvcrsustlde-
964 3148 1061 3204 dicens
1068 3152 1096 3204 te
1109 3151 1200 3204 Deum
1213 3165 1351 3214 esse,cum
1365 3151 1548 3207 solummodo
1564 3157 1591 3208 te
1602 3156 1765 3213 essehomi-

110 3239 169 3308 les;
186 3240 253 3311 quia
277 3239 433 3313 suscipient
448 3241 548 3309 llavid,
567 3241 596 3296 id
609 3244 652 3296 est
674 3241 817 3297 Christum
838 3240 869 3296 in
883 3257 914 3295 se
964 3255 1034 3292 nem
1057 3237 1244 3309 intelligeres¹
1269 3236 1310 3290 Tu
1327 3236 1389 3292 dico
1413 3239 1537 3295 existens
1554 3244 1623 3298 sicut
1637 3247 1766 3302 nouacula

113 3327 234 3383 domum
248 3329 309 3400 ejus
320 3330 483 3398 existentes,
499 3331 674 3386 sicutlloecb
688 3331 914 3385 ldumaeuscom-
964 3333 1054 3397 acute,
1065 3327 1095 3381 id
1111 3329 1153 3381 est
1166 3325 1368 3397 comparabilis
1383 3330 1528 3385 novaculae
1544 3336 1645 3401 ecutae,
1660 3334 1699 3388 sie
1713 3335 1767 3390 sci-

110 3416 202 3475 movit
213 3417 329 3474 Saulem
339 3419 475 3474 adversus
488 3419 667 3487 Abimelerh,
683 3422 713 3474 ut
721 3435 788 3473 eum
803 3419 913 3473 interfi·
964 3416 1031 3471 licet
1043 3419 1194 3488 promptus
1205 3415 1241 3470 ad
1252 3413 1393 3470 malitiam
1403 3420 1769 3489 peragendamsicutuovu-

110 3510 199 3574 ceret,
214 3523 281 3562 eum
295 3508 419 3564 venisset
435 3510 471 3564 ad
487 3511 580 3581 ipsum
593 3509 671 3576 Saul,
686 3508 913 3577 etannuutiavit,
964 3503 1024 3558 cula
1039 3512 1117 3558 acuta
1127 3504 1164 3558 ad
1179 3505 1307 3559 officium
1322 3521 1405 3560 suum
1418 3510 1695 3579 exsequendumllel
1708 3513 1766 3568 sic:

110 3597 141 3651 et
155 3596 226 3651 dixit
240 3597 266 3651 ei
281 3597 350 3670 quia
362 3599 439 3653 uenit
453 3600 541 3654 David
554 3599 583 3653 in
599 3599 720 3654 domum
737 3598 914 3664 Abimeleeh,
965 3593 1169 3664 comparabilis
1183 3596 1339 3659 novaculae,
1365 3597 1396 3647 ut
1411 3595 1449 3649 sic
1466 3598 1518 3651 sub
1543 3601 1637 3669 specie
1651 3601 1767 3656 rectitu-

111 3686 142 3738 et
155 3689 288 3756 receptus
312 3691 356 3742 est
383 3689 419 3743 ab
438 3705 483 3744 eo.
512 3688 580 3743 Dico
596 3686 777 3743 annuntiavit
793 3685 860 3741 Saul
886 3689 915 3740 ct
965 3682 1039 3737 dinis
1054 3682 1198 3753 quosdam
1212 3684 1336 3737 latenter
1347 3683 1375 3737 in
1386 3683 1441 3737 fide
1450 3700 1619 3756 corrumpas
1631 3690 1768 3758 etlaedas,

112 3770 184 3829 dixit
199 3774 235 3842 ei,
251 3775 281 3830 id
297 3781 340 3832 est
354 3794 451 3833 secum
466 3777 495 3832 in
523 3777 698 3849 cogitatione
725 3793 776 3830 sua
800 3792 913 3830 annnn-
966 3770 1038 3827 sicut
1053 3770 1210 3843 aliquando
1220 3773 1369 3837 novacula,
1386 3787 1451 3826 cum
1467 3773 1539 3842 pilos
1550 3775 1651 3831 radere
1664 3777 1770 3833 debeat

111 3863 196 3920 tiabit
209 3867 238 3919 et
248 3865 418 3921 dicetmorti
432 3866 740 3932 utintertlciattideles‚
758 3865 822 3920 ideo
836 3865 914 3936 quod
966 3864 1061 3916 cutem
1076 3860 1218 3923 vulnerat,
1242 3860 1290 3915 Vel
1305 3859 1472 3915 sic:similis
1481 3866 1638 3931 novaculae,
1650 3866 1769 3933 ut,sicut

112 3953 248 4021 havium
262 3957 305 4008 est
314 3954 442 4010 Christus
454 3955 584 4009 renictin
600 3955 719 4009 domum
735 3953 913 4019 Abimelecb,
966 3950 1388 4021 novaculasupertluapilorum
1399 3950 1555 4006 auferendo
1565 3956 1771 4028 cutcmpurget

112 4041 143 4098 id
156 4045 200 4097 est
212 4043 595 4114 recipieturabAbimclccb,
605 4044 655 4116 qui
666 4043 721 4097 orit
734 4042 914 4112 domusejus,
967 4041 996 4096 et
1006 4038 1172 4093 nitidiorem
1189 4038 1329 4106 efficit,sic
1342 4042 1371 4093 ct
1380 4038 1664 4106 tu,licetnonadhoc
1674 4043 1769 4100 inten-

114 4129 200 4186 idest
222 4132 405 4189 acollatione
421 4133 561 4200 bdelium,
590 4134 633 4187 vel
661 4132 711 4200 sic,
738 4131 915 4187 Doechldu·
968 4126 1772 4205 das,persecuti0nibustuislidelesapeccatorumsuper·

114 4238 217 4290 manus,
233 4221 627 4288 idcsthntichristusveniot,
644 4222 674 4276 id
689 4225 731 4276 est
744 4221 917 4293 regnabitet
968 4217 1033 4272 fluis
1057 4216 1188 4271 sordibus
1213 4216 1376 4283 mundabis,
1393 4220 1422 4271 et
1442 4218 1549 4274 nitidos
1576 4220 1604 4273 in
1620 4223 1771 4279 sanctitate

115 4310 302 4367 annuntiabit
320 4310 407 4378 Sauli,
422 4310 452 4365 id
472 4313 514 4365 est
529 4310 761 4366 intertectoribus
776 4308 916 4364 ministris
929 4307 955 4366 D
968 4306 1056 4361 feeies
1066 4322 1072 4358 :
1084 4305 1161 4376 quod
1171 4305 1318 4359 estdicere
1335 4322 1341 4359 :
1355 4305 1445 4360 Causa
1455 4307 1609 4380 erisquarc
1620 4309 1672 4381 ipsi
1686 4329 1785 4366 mun·.

115 4400 174 4455 suis
194 4417 200 4454 :
221 4403 250 4454 et
263 4399 369 4455 scilicet
382 4398 451 4454 dicit
464 4399 504 4453 cis
527 4416 533 4454 :
561 4399 640 4454 Venit
651 4397 745 4452 Dauid
763 4401 790 4450 in
809 4398 917 4452 domum
970 4393 998 4449 di
1010 4393 1215 4448 flantetnitidi.
1230 4394 1298 4449 Dico
1309 4394 1486 4465 quodsccisti
1496 4399 1524 4450 et
1532 4398 1662 4469 cogitasti
1669 4401 1769 4469 dolunz,

114 4488 283 4557 Atimeteeb,
301 4488 331 4544 id
353 4492 397 4543 est
421 4491 554 4559 receptus
565 4491 608 4542 cst
623 4487 750 4542 Christus
761 4503 777 4541 a
789 4487 920 4542 fidelibus
970 4485 999 4536 et
1022 4483 1078 4536 hoc
1094 4498 1154 4536 non
1178 4481 1293 4549 inuitus,
1311 4483 1387 4554 quod
1415 4484 1593 4540 tolerabilius
1607 4491 1699 4558 esset3
1722 4492 1772 4547 sed

115 4580 183 4646 suis,
196 4579 244 4651 qui
260 4580 365 4635 doinus
379 4578 440 4649 ejus
454 4578 521 4632 facti
537 4580 613 4633 sunt.
630 4578 755 4649 ldcoque
766 4575 919 4631 interficite
969 4568 1086 4624 dilexisti
1106 4570 1247 4636 vitalitium,
1269 4571 1361 4625 malas
1385 4573 1414 4626 et
1445 4588 1559 4644 asperas
1584 4577 1772 4648 cogitationes

114 4667 391 4740 ipsostldeles.Bene
405 4666 521 4739 quidem
539 4665 664 4720 ministri
681 4664 769 4737 ipsius
786 4664 921 4718 dicuntur
969 4675 1048 4730 super
1062 4659 1299 4730 centuriatorum
1310 4661 1400 4714 bonas
1414 4661 1604 4733 cogitationes
1619 4684 1734 4735 nomae
1749 4669 1771 4723 si

114 4755 244 4824 Saul,vel
258 4757 340 4829 juxta
354 4755 639 4822 similitudinem,rel
650 4754 734 4825 juxta
743 4751 830 4825 ipsius
844 4752 920 4807 vocis
971 4747 1094 4803 diceret:
1111 4747 1140 4801 Si
1155 4749 1229 4803 ratio
1243 4751 1326 4804 tuate
1341 4754 1475 4805 moneret
1489 4753 1644 4825 aliquando
1657 4757 1772 4812 utbene

114 4844 398 4917 interpretationem.
422 4845 505 4898 Juxta
518 4842 738 4898 similitudinem
755 4841 872 4913 quidem
885 4858 919 4896 eo
970 4838 1190 4908 cogitarescum
1200 4837 1294 4893 nullus
1304 4837 1772 4915 adeositiniqnusquemaliquan-

115 4933 193 5005 quod
209 4932 280 4987 sicut
296 4932 362 4987 Saul
378 4932 545 4986 Abimelech
562 4931 748 4985 innocentem
765 4929 919 4993 interfecit,
970 4926 1007 4982 do
1023 4924 1097 4980 ratio
1114 4942 1164 4980 sna
1179 4925 1215 4980 ad
1229 4927 1415 4997 cogitandum
1429 4928 1503 4983 bene
1518 4946 1576 4984 non
1592 4930 1770 5002 adhortetur,

114 5021 183 5093 quia
211 5020 300 5076 David
311 5019 455 5077 Christum
480 5019 594 5075 Domini
608 5019 685 5090 juste
701 5021 865 5089 receperat;
882 5017 920 5072 sic
970 5015 1223 5087 contemptabona
1237 5015 1422 5087 cogitatione,
1438 5019 1569 5088 cogitasti
1585 5020 1771 5078 malitiamlu

113 5115 144 5167 et
156 5111 209 5182 ipsi
231 5110 353 5166 ministri
377 5110 406 5164 in
424 5110 481 5164 tlno
504 5109 605 5162 mnndi
628 5107 727 5161 tldolcs
752 5107 920 5162 innoeentes
970 5103 1131 5159 hocautem
1146 5104 1411 5159 eumdamnatione
1421 5105 1623 5176 dignissimum
1633 5109 1770 5178 ostendit,

113 5200 299 5266 interficient,
308 5216 342 5254 co
355 5198 433 5270 quod
445 5198 522 5269 juste
538 5196 684 5251 Christum
700 5194 817 5250 llornini
829 5194 920 5248 Putris
970 5210 1036 5248 cum
1052 5194 1162 5247 malum
1176 5193 1253 5248 bono
1267 5193 1390 5247 scienter
1400 5194 1544 5263 preferat,
1559 5195 1767 5252 ctdileristiiru'·

113 5291 222 5357 Jesum,
253 5289 283 5343 in
311 5288 369 5342 tide
394 5286 545 5357 recipient.
569 5284 736 5339 Secundum
762 5283 920 5338 rerovocis
970 5281 1141 5355 quitatenr,id
1156 5285 1198 5336 est
1209 5281 1621 5353 iniquactblasphemarerba
1634 5287 1772 5358 etaspcra

114 5377 368 5449 interpretionem,
385 5376 453 5446 quia
480 5375 546 5429 Saul
571 5375 701 5444 oppetitur
728 5371 842 5439 dieitur,
866 5371 919 5442 ipsi
969 5371 1048 5443 loqui
1062 5374 1164 5425 contra
1179 5371 1291 5437 fideles,
1308 5374 1338 5426 ut
1353 5387 1401 5426 aas
1413 5372 1464 5428 tibi
1476 5372 1771 5446 conforrnares,mcpis

113 5485 183 5525 vero
202 5466 327 5522 ministri
342 5466 379 5520 ab
393 5465 567 5520 Antichristo
583 5463 718 5519 omnibus
728 5461 919 5535 modisappe·
971 5477 1052 5533 quam
1068 5460 1141 5532 loquo
1163 5449 1322 5531 equitatem,
1337 5459 1366 5515 id
1389 5463 1432 5515 est
1447 5462 1628 5534 aequaverba
1643 5465 1671 5518 et
1681 5464 1769 5536 bona,

114 5558 224 5623 tentur,
247 5556 284 5611 ad
300 5554 430 5610 fidelium
451 5552 620 5624 perniciem.
647 5552 694 5606 Est
707 5552 805 5605 autem
820 5549 850 5604 in
864 5550 919 5606 hoc
970 5549 1048 5622 quod
1063 5550 1105 5604 est
1118 5548 1229 5603 dicore:
1245 5550 1356 5619 Aspera
1371 5552 1401 5604 et
1426 5549 1526 5624 iniqua
1544 5551 1632 5607 verba
1647 5551 1769 5611 dilexisti
1824 5545 1827 5551 ’

117 5643 229 5718 psalmo
245 5661 299 5702 vox
312 5643 466 5717 Prophetae
480 5639 667 5716 intelligentis
680 5638 870 5697 Anticbistum
889 5638 919 5696 in
969 5637 1125 5713 loqui‚non
1134 5639 1232 5697 autem
1242 5654 1343 5715 erpua:
1358 5654 1425 5698 eum
1434 5639 1502 5698 dicit
1510 5643 1594 5714 macie
1603 5647 1776 5715 quemeum-
