3772 5976
123 270 157 327 88
917 272 1007 327 ACTA
1466 283 1472 296 ‘
1760 286 1794 342 34

123 393 257 459 alterum,
273 391 378 465 quode
392 408 447 450 ms.
456 393 665 468 antiquissimo,
681 394 773 463 utuit,
789 393 931 451 fueritde-
943 399 970 458 A
984 394 1149 467 quindecim
1174 395 1298 464 circiter,
1316 397 1348 450 ut
1369 413 1456 468 supra
1476 399 1597 470 dictum,
1620 406 1670 459 aut
1690 408 1792 465 saltem

122 483 285 551 sumptum,
302 481 337 536 de
354 482 487 538 Brunone
502 483 541 537 sic
559 483 646 538 habet
662 501 669 538 :
699 483 776 538 Obiit
801 504 815 532 c
836 482 932 537 Pridie
984 483 1281 555 duodecim,imojam
1297 485 1364 540 inde
1380 486 1417 541 ad
1433 503 1509 542 anno
1521 492 1598 556 1050,
1611 491 1633 545 si
1647 493 1793 552 Marlottus

123 569 217 623 Nonas
234 569 359 624 octobris
374 587 450 626 anno
472 572 507 626 ab
522 571 592 626 orbe
608 573 761 642 redempto
777 571 931 626 millesimo
983 573 1045 627 loco
1062 589 1147 644 supra
1162 574 1209 628 cit.
1227 576 1305 628 reete
1320 577 1412 640 notet,
1429 575 1569 646 gessisset,
1587 595 1720 651 eamque,
1737 599 1794 655 qna

122 658 281 713 centesimo
295 660 432 726 secundo,
447 677 545 715 mense
558 664 669 729 octavo,
687 661 777 716 aetatis
794 678 826 715 su
838 676 930 715 mucro
984 664 1051 714 tunc
1065 661 1239 723 inclaruisse.
1257 679 1274 716 a
1289 662 1423 717 Guiberto
1440 663 1475 718 de
1491 665 1660 737 Naviganto,
1678 673 1792 727 auctora

122 763 199 802 anno
222 747 413 819 nonagesimo
428 749 563 804 secundo.
588 771 602 798 ο
628 749 699 804 Cum
716 765 784 821 ergo
799 748 929 817 Sanctus,
982 764 1077 805 coaevo
1094 750 1172 805 infra
1188 751 1344 822 saepissime
1359 752 1515 819 laudando,
1533 755 1638 811 diserte
1647 759 1791 829 asseritur,

122 832 163 886 uti
180 831 259 887 inira
274 850 326 888 suo
347 836 410 889 loco
426 834 605 906 probabitur,
631 835 711 891 omni
730 836 816 890 dubio
832 838 930 907 procul
981 838 1122 910 variisque
1137 839 1167 893 in
1176 839 1448 896 Titulislunebribus
1459 845 1791 917 supracitalisinnuitur,

122 936 201 975 anno
219 922 284 975 1101
303 920 361 975 vita
376 921 490 977 iunctus
500 923 545 990 sit,
555 924 751 979 annocirciter
769 926 836 979 1008
848 928 931 980 natus
982 927 1107 983 nominis
1131 929 1328 984 celebritatem
1350 930 1413 1000 jam
1439 932 1642 1004 acquisivisset.
1665 937 1700 990 Et
1722 953 1792 994 sane

121 1008 240 1065 indubie
254 1008 350 1078 tuerit,
368 1009 390 1065 si
401 1010 475 1065 binis
485 1011 687 1081 illisadductis,
704 1030 828 1086 quorum
840 1015 930 1069 altero
981 1012 1198 1082 Sanctum‚cum
1205 1018 1500 1075 Carthusiaecremum
1510 1022 1712 1095 cstingressus‚
1722 1026 1791 1099 quin

121 1097 254 1165 Sanctus,
270 1115 336 1153 cum
347 1099 412 1170 jam
428 1101 588 1174 nonaginta
603 1102 675 1157 duos
690 1102 754 1157 vitre
771 1120 864 1158 annos
879 1104 931 1158 im·
981 1103 1190 1173 quagenarium
1206 1105 1318 1162 circiter
1334 1111 1383 1162 aut
1398 1125 1432 1163 eo
1450 1109 1537 1165 etiam
1550 1114 1635 1182 paula
1648 1113 1792 1184 majorem

122 1187 237 1256 piasset,
254 1188 356 1256 altero,
373 1205 437 1244 cum
454 1188 518 1260 jam
534 1190 756 1262 nonagesimum
771 1191 930 1247 secundum
979 1188 1075 1255 luisse,
1093 1208 1124 1244 ac
1140 1193 1363 1265 prointemporc
1374 1196 1437 1267 jam
1444 1197 1587 1270 assignato
1604 1204 1706 1257 natum
1718 1219 1791 1269 esse,

122 1276 185 1330 vitae
202 1292 313 1330 annum
340 1279 448 1348 ageret,
473 1277 575 1333 obiisse
596 1279 730 1345 traditur,
760 1279 931 1335 testimoniis
979 1279 1137 1351 utcumque
1150 1281 1347 1338 etiamsuadet
1359 1285 1470 1353 modus,
1482 1303 1538 1357 quo
1554 1288 1589 1342 de
1605 1305 1649 1355 ee,
1659 1291 1745 1346 veluti
1756 1292 1792 1348 de

121 1363 157 1418 sit
172 1364 320 1420 standum.
337 1365 442 1421 Verum
459 1367 520 1420 hac
538 1367 776 1423 cloatibusadeo
793 1369 929 1440 antiquis,
979 1365 1039 1420 viro
1065 1369 1151 1440 longe
1176 1370 1355 1441 gravissimo,
1382 1374 1531 1446 aetatisquc
1551 1376 1637 1446 plane
1663 1381 1789 1449 maturo,

121 1452 259 1508 attidem
275 1453 423 1508 indubiam
444 1456 621 1523 mereantur,
641 1455 769 1528 prolecta
785 1455 855 1510 mihi
870 1471 929 1508 ηοη
980 1469 1076 1508 scrma
1097 1455 1129 1510 lit
1153 1460 1217 1512 tum
1243 1458 1272 1512 in
1288 1459 1373 1513 variis
1393 1459 1491 1515 Titulis
1515 1461 1683 1520 funebribus
1705 1483 1792 1538 supra

121 1542 276 1598 ridentur:
291 1544 357 1599 licet
372 1543 452 1598 enim
474 1544 599 1599 alterum
624 1561 640 1598 e
659 1560 713 1599 ms.
731 1543 930 1615 antiquissimo
979 1541 1111 1610 laudatis,
1130 1547 1193 1599 tum
1215 1545 1244 1600 in
1260 1545 1317 1601 vita
1333 1546 1361 1601 S.
1378 1546 1516 1620 lingonis,
1533 1549 1791 1624 Gratianopolitani

120 1631 932 1705 Zanottiindicetdepromptum,quantcetamenantiqui-
980 1631 1116 1703 episcopi,
1141 1633 1217 1704 apud
1241 1651 1294 1688 nos
1315 1636 1404 1689 tomi
1426 1636 1530 1707 Aprilis
1550 1638 1667 1706 inserta,
1689 1640 1791 1714 inqua

122 1718 188 1774 tatis
203 1719 258 1774 hoc
269 1719 365 1787 tuerit,
382 1736 442 1775 non
453 1720 595 1792 adjungit,
614 1719 801 1792 dubitareque
809 1721 929 1792 proinde
944 1703 1371 1795 BauctorsynchronusGuigo,
1385 1724 1501 1795 quintus
1514 1725 1669 1784 Carthusia
1678 1729 1791 1801 Maioris

120 1807 199 1876 sinit,
218 1808 372 1863 anseeculo
394 1808 638 1881 quartodecimo,
657 1809 810 1863 autetiam
828 1811 929 1880 quinto
979 1809 1070 1879 prior,
1087 1826 1168 1864 num.
1199 1815 1226 1865 11
1247 1811 1282 1866 de
1298 1811 1327 1865 S.
1343 1812 1488 1879 Brunone,
1515 1814 1552 1869 ad
1567 1819 1698 1870 sanctum
1713 1819 1790 1874 hunc

121 1894 236 1951 decimo
245 1896 383 1951 exstiterit
390 1896 545 1969 antiquius,
558 1897 798 1969 quodutrumque
810 1897 929 1953 aSancti
980 1897 1145 1967 episcopum
1161 1898 1258 1969 paucis
1270 1898 1380 1967 diebus,
1392 1903 1547 1971 antequam
1562 1902 1741 1960 Carthusiam
1749 1904 1791 1960 in·

121 1985 211 2040 nostri
237 1987 322 2039 {etate
337 1987 380 2039 est
402 1984 550 2051 remotius,
565 2001 652 2056 quam
668 1987 700 2039 ut
718 1985 829 2056 scriptis
845 1987 879 2040 dc
895 2004 928 2043 eo
979 1987 1158 2055 graderetur,
1176 1986 1318 2055 veniente,
1337 1988 1376 2043 ita
1392 1989 1532 2059 loquitur:
1550 2012 1563 2041 a
1579 1990 1667 2045 Adest
1682 1993 1789 2065 magis·

119 2076 188 2128 tunc
203 2072 340 2128 conlectis
353 2089 404 2127 sua
415 2075 502 2143 queat
517 2076 595 2126 certa
605 2075 736 2128 constare
753 2073 833 2127 fidos.
979 2077 1023 2129 ter
1037 2074 1143 2142 Bruno,
1157 2075 1200 2130 vir
1213 2077 1353 2148 religione
1362 2076 1788 2148 scientiaquelamosuahones-

153 2163 198 2216 tr.
217 2161 252 2214 Et
266 2176 333 2215 vero
348 2160 472 2231 ipsemet
487 2158 599 2214 Zanotti
616 2176 670 2226 ms,
680 2160 800 2226 illud,ut
812 2165 843 2216 ut
858 2162 929 2216 anti·
978 2162 1079 2216 tatiset
1093 2163 1239 2234 gravitatis
1254 2181 1286 2219 ac
1297 2164 1384 2219 totius
1404 2164 1579 2220 maturitatis
1597 2166 1678 2240 quasi
1696 2169 1787 2240 quod·

119 2250 302 2320 quissimum‚
315 2249 415 2320 magni
430 2250 479 2303 aut
495 2248 581 2304 lecit:
599 2249 652 2303 etsi
668 2249 747 2304 enim
764 2250 927 2323 etiam,quo
979 2249 1046 2303 dam
1059 2249 1256 2307 simulacrum.
1274 2273 1289 2300 u

118 2337 153 2392 ab
161 2353 260 2392 errore
270 2336 555 2411 chronico—quantum
570 2337 607 2391 ad
616 2353 725 2391 annum
738 2337 925 2407 Christilld'i,
1013 2339 1057 2392 lo.
1073 2340 1199 2407 Accedit,
1216 2340 1246 2394 in
1272 2339 1388 2396 diversis
1404 2339 1529 2396 ecclesiis
1547 2343 1611 2413 jam
1632 2346 1704 2412 tum,
1723 2361 1789 2402 cum

117 2425 162 2480 cui
176 2426 274 2481 Sancti
286 2425 506 2497 obitumilligat,
518 2425 660 2481 habeatur
671 2427 814 2492 immune,
825 2428 927 2483 Christi
978 2424 1099 2482 Sanctus
1119 2444 1196 2483 anno
1221 2429 1334 2484 lotitia
1359 2447 1490 2485 eremum
1515 2431 1640 2498 secessit,
1664 2435 1790 2491 celebres

117 2532 211 2570 annos
225 2515 254 2570 in
272 2514 320 2570 illo
336 2514 593 2580 ablncarnatione,
611 2517 697 2586 prout
715 2516 776 2570 haec
791 2517 926 2572 Nativita·
976 2514 1107 2571 floruisse
1117 2516 1201 2584 viros,
1218 2534 1290 2590 quos
1298 2518 1344 2572 hic
1353 2518 1507 2588 discipulos
1515 2519 1669 2587 habuisset,
1680 2522 1790 2593 hosque

116 2605 179 2658 tem
196 2602 352 2675 proecessit,
364 2600 511 2656 numerari
524 2601 661 2670 affirmet,
674 2604 801 2659 recitatis
816 2606 925 2674 tamen,
976 2601 1053 2658 inter
1075 2605 1204 2661 Odonam
1230 2606 1265 2662 de
1289 2606 1481 2674 Castelliona,'
1495 2608 1543 2680 qui
1560 2625 1637 2663 anno
1662 2610 1729 2664 1088
1752 2611 1789 2667 ad

116 2708 182 2763 quae
198 2691 264 2763 jam
283 2691 340 2745 buc
356 2688 532 2761 transcripsi,
557 2689 631 2746 binis
651 2691 832 2759 testimoniis,
860 2709 928 2749 mox
977 2708 1124 2746 summum
1137 2694 1337 2764 pontificatum
1350 2695 1404 2750 luit
1419 2698 1543 2763 evectus,
1560 2713 1727 2768 nomenque
1738 2697 1790 2753 Ur·

115 2779 224 2847 subdit,
246 2779 394 2850 probabile
415 2794 474 2833 non
489 2794 561 2844 esse,
588 2778 725 2834 Sanctum
743 2781 779 2835 ad
802 2783 925 2850 tantam,
977 2780 1044 2835 bani
1060 2783 1083 2835 ll
1098 2782 1258 2853 assumpsit.
1276 2784 1332 2838 Nec
1347 2783 1393 2839 hic
1409 2785 1556 2856 praeterire
1572 2802 1689 2857 possum
1713 2787 1789 2843 anti-

115 2871 227 2940 quanta
242 2866 353 2922 inhisce
365 2866 509 2933 asseritur,
522 2869 639 2920 {etatem
648 2868 821 2937 pervenisse,
834 2869 927 2924 addit·
977 2885 1067 2940 quum
1075 2868 1230 2925 Carthusia
1238 2871 1338 2927 Montis
1354 2872 1404 2927 Dei
1419 2872 1448 2926 in
1462 2872 1591 2928 Picardia
1603 2873 1742 2943 codicem,
1758 2877 1788 2932 in

115 2971 173 3026 que
188 2955 287 3022 etiam,
305 2955 334 3010 id
349 2955 389 3009 ita
403 2953 673 3021 idcircosibivideri‚
685 2956 764 3027 quod
776 2972 965 3044 mappa-C
978 2974 1034 3028 quo
1060 2955 1088 3010 S.
1113 2958 1207 3013 Bruno
1231 2960 1467 3031 septuagenarius
1483 2961 1586 3017 obiisse
1615 2962 1730 3033 legitur,
1757 2969 1789 3021 ut

114 3043 461 3114 reat,quiisincetatetam
476 3040 838 3114 provectalsicenimanno
849 3046 927 3113 1081,
977 3045 1097 3100 lacobus
1110 3045 1269 3113 llarrinius,
1287 3047 1443 3102 Carthusia
1451 3048 1536 3119 hujus
1552 3049 1694 3116 alumnus,
1711 3053 1788 3124 apud

114 3130 929 3205 quoexdicendisCarthusiareremumprimumingressns
977 3134 1269 3189 llorkcnsiuminms.
1286 3135 1788 3208 hujuschronologica-diplomatca

119 3220 293 3282 est,se1tum
306 3218 643 3291 supraseptuagesimum
654 3219 926 3275 atatissuoeannrrm
978 3222 1013 3277 dc
1028 3221 1199 3294 S.{Brr1none
1214 3222 1351 3290 Diatriba,
1367 3226 1382 3292 §
1399 3226 1409 3277 1
1424 3227 1560 3292 testatur;
1574 3223 1684 3280 sienim
1697 3229 1786 3285 codex

110 3307 174 3378 jam
190 3307 304 3378 egisset)
321 3310 468 3362 austerum
484 3307 658 3379 adeo‚quale
667 3311 727 3362 tum
738 3308 766 3362 in
779 3309 927 3365 Carthusia
976 3309 1023 3365 ille
1039 3314 1116 3366 recte
1133 3314 1223 3377 notet,
1242 3310 1362 3366 Sanctus
1383 3311 1493 3383 utique,
1510 3314 1611 3383 utpote
1629 3330 1706 3369 anno
1719 3319 1782 3372 1101

111 3395 223 3465 blajori,
240 3398 302 3450 tum
314 3394 343 3449 in
361 3393 491 3450 Calabria
507 3394 597 3461 duxit,
619 3395 682 3450 vita·
699 3413 790 3467 genus
810 3397 924 3465 ducere,
975 3399 1033 3454 vita
1047 3400 1170 3467 iunctus,
1186 3416 1262 3455 anno
1273 3400 1386 3455 circiter
1404 3402 1666 3456 l030naiusiuerit.
1680 3403 1786 3460 Verum

110 3482 226 3537 labores
241 3484 270 3536 et
285 3499 440 3550 aerumnas,
452 3482 656 3553 itinerumque,
669 3483 771 3555 quibus
787 3500 816 3537 se
834 3483 923 3552 dedit,
974 3504 1040 3542 cum
1057 3488 1093 3541 de
1108 3488 1213 3543 codicis
1228 3488 1291 3543 illus
1302 3491 1386 3543 aetate
1403 3488 1474 3543 nihil
1490 3489 1532 3543 vel
1547 3506 1564 3543 a
1579 3490 1725 3559 Martinio,
1742 3494 1785 3548 vel

110 3568 301 3625 incommoda
313 3570 431 3626 suiierre
444 3571 591 3643 potuisset.
610 3572 652 3623 lta
664 3571 724 3625 lere
736 3574 876 3643 quantum
887 3574 924 3627 ad
974 3593 991 3630 a
1006 3577 1165 3631 llorkensio
1176 3575 1306 3632 additum
1323 3577 1480 3642 inveniam,
1494 3593 1556 3631 rem
1569 3578 1623 3632 alio
1640 3579 1785 3635 adhucar-

110 3659 303 3714 substantiam
318 3659 440 3727 Zanotti,
458 3664 488 3714 et
500 3661 576 3714 rectc
587 3677 665 3714 sane.
679 3662 772 3732 Atque
787 3659 853 3714 hinc
869 3665 922 3729 est,
973 3667 1123 3736 gumento,
1134 3665 1430 3735 quodmihiumnium
1438 3665 1644 3742 validissimum
1654 3673 1783 3739 apparet,

111 3752 335 3816 cureteorum,
352 3747 400 3820 qui
417 3748 555 3804 Sanctum
571 3763 647 3801 anno
668 3750 733 3801 1020
749 3751 847 3801 natum
865 3751 921 3803 sta·
968 3752 1074 3824 juverit
1099 3754 1238 3807 firmasse.
1266 3754 1387 3808 Sanctus
1407 3755 1619 3820 verosimiliter,
1646 3756 1685 3809 uti
1709 3757 1785 3813 inira

111 3837 208 3900 tuunt,
225 3836 323 3905 opinio
332 3835 403 3889 mihi
418 3833 579 3904 displiceat:
589 3833 616 3886 in
629 3835 681 3887 hac
698 3834 777 3887 enim
790 3835 921 3902 illarum
972 3832 1298 3903 p1·obabo,anteannum
1308 3833 1556 3904 ltlb'dssercngario
1566 3833 1784 3905 inplvilosoplria

110 3938 189 3978 anno
205 3925 271 3978 1081
285 3923 314 3977 in
331 3923 487 3978 Carthusia
501 3937 632 3977 eremum
643 3921 921 3987 secessit,annorum
973 3920 1110 3991 magistro
1131 3937 1196 3974 usus
1212 3924 1269 3987 est3
1291 3936 1380 3991 quare
1394 3935 1460 3974 cum
1475 3920 1550 3974 hanc
1565 3921 1783 3979 verosimillimo

111 4009 920 4082 qrratuorsuprasexagintaexstiterit3quaparitcraetate
971 4009 1785 4081 nonprinscrceperit,quamcumseptemdecimcirciter

111 4097 296 4169 rigidissima
320 4099 550 4173 gravissimisque
570 4097 764 4153 incommodis
789 4097 920 4153 obnoxiae
971 4112 1115 4151 annorum
1131 4100 1214 4163 esset,
1233 4096 1320 4166 hique
1337 4096 1373 4150 ab
1390 4113 1470 4150 anno
1491 4098 1558 4150 {050
1575 4098 1677 4153 ordine
1695 4102 1786 4156 retro-

111 4185 187 4252 vitae,
203 4203 291 4257 quam
304 4189 372 4240 tunc
387 4184 769 4256 primumiucritamplexus,
782 4185 920 4240 ducendae
970 4184 1060 4256 grado
1068 4184 1256 4255 computatati
1270 4184 1574 4239 deducantadannum
1583 4186 1782 4255 circitcrlddtl,

111 4275 198 4330 luisse
213 4291 324 4346 parem,
342 4275 437 4330 minus
453 4274 588 4329 credibile
606 4278 735 4344 apparet.
932 4268 1108 4331 DSanctum
1124 4273 1199 4326 circa
1212 4272 1621 4342 huncipsumannumnatum
1637 4291 1707 4342 esse,
1719 4293 1785 4332 con·

147 4365 192 4417 18.
210 4363 466 4435 Quaproptercum
489 4362 608 4416 Sanctus
623 4360 769 4431 equidem,
787 4365 919 4433 utsupra
968 4360 1206 4433 sequitur.Atque
1214 4360 1423 4431 hincprecipue
1432 4360 1574 4432 simulque
1586 4380 1618 4417 ex
1627 4362 1689 4417 aliis
1698 4379 1784 4435 supra

112 4454 271 4517 ostensum,
288 4451 392 4522 maior,
404 4467 492 4523 quam
504 4449 602 4521 viginti
616 4449 743 4521 quinque
759 4452 808 4503 aut
818 4449 918 4520 viginti
969 4450 998 4504 in
1016 4449 1143 4503 medium
1160 4448 1289 4502 adductis
1297 4448 1559 4518 probabilissimum
1572 4467 1640 4506 sane
1651 4455 1781 4524 apparet,

110 4553 160 4591 sex
174 4538 268 4604 annis,
285 4555 351 4594 eum
366 4554 443 4593 anno
460 4539 576 4592 lO‘vdaut
588 4537 718 4608 sequenti
730 4537 917 4593 Remensium
969 4537 1107 4593 Sanctum
1123 4554 1200 4591 anno
1217 4537 1330 4591 circiter
1348 4540 1415 4590 1080
1431 4540 1480 4590 aut
1502 4539 1587 4607 paulo
1599 4540 1688 4595 serius
1706 4542 1783 4596 hunc

110 4625 274 4680 scholarum
290 4625 459 4700 praefectura
487 4642 547 4680 sese
572 4624 723 4692 abdicavit,
739 4625 809 4679 baut
833 4626 918 4681 dubia
968 4642 1077 4680 annum
1095 4625 1169 4679 inter
1185 4628 1331 4679 etannum
1347 4626 1414 4678 1010
1427 4627 1609 4693 natumesse;
1624 4628 1780 4699 quodcum

110 4714 259 4768 exstiterit.
276 4713 407 4768 nativitas
422 4713 681 4785 ejuscircaannum
695 4715 762 4767 1030
776 4715 916 4784 autpaulo
968 4712 1144 4767 sufficienter
1169 4711 1257 4766 modo
1283 4710 1435 4782 probatum
1454 4713 1565 4782 putem,
1584 4713 1693 4768 adalia
1714 4731 1781 4785 pro-

109 4799 198 4854 serius
212 4800 288 4853 hunc
300 4800 655 4854 annuminteretannum
670 4801 737 4854 1010
749 4801 916 4857 collocanda
967 4798 1094 4871 gradior.
1161 4852 1164 4857 .

110 4887 231 4942 videtur.
249 4889 290 4941 lta
302 4887 390 4953 enim,
402 4905 467 4943 cum
480 4887 509 4943 in
524 4882 683 4942 Cartusiam
693 4888 816 4955 secessit,
824 4905 915 4945 anno·
985 4889 999 4956 ξ
1015 4889 1061 4941 lll.
1078 4886 1170 4954 ernltv
1186 4884 1301 4940 Sanctus
1317 4888 1345 4938 in
1364 4888 1483 4958 pue-itia
1495 4887 1589 4956 fucrit,
1607 4889 1781 4941 ranonr'cusne

109 4991 175 5030 rum
191 4975 342 5030 dumtaxat
356 4975 682 5047 quinquagintacirciter
693 4976 847 5043 exstiterit,
860 4993 917 5047 qua
1001 4974 1032 5030 S.
1047 4974 1197 5035 Cunitrrti,
1207 4981 1230 5027 et
1239 4992 1291 5044 qua
1308 4981 1466 5036 elatrasset,
1477 4992 1536 5028 cum
1547 4975 1646 5027 litteras
1660 4973 1779 5028 discendi

109 5065 194 5117 aetate
209 5065 306 5135 plures
321 5064 406 5118 luisse
421 5068 449 5117 et
465 5065 557 5119 adbuc
573 5065 692 5134 reperiri
706 5064 790 5132 viros,
800 5068 915 5136 vegetos
1002 5082 1081 5118 cuum
1103 5063 1206 5117 Gallius
1220 5063 1297 5124 adiit,
1316 5070 1341 5116 ct
1358 5082 1393 5117 οη
1409 5064 1447 5116 iti
1461 5061 1656 5131 Bercnpcriunv
1678 5065 1707 5117 in
1719 5064 1780 5134 pti-

108 5150 201 5204 adhuc
214 5167 245 5205 ac
263 5151 915 5224 robustos,durissimisquelaboribuslcrendis
1003 5152 1119 5222 tosoplviu
1135 5152 1295 5219 magistrum
1319 5151 1448 5204 lvotuertt.

107 5237 238 5306 idoneos,
256 5239 760 5311 experientiahabcturcompartum.
776 5241 914 5295 ltactiam
1001 5242 1217 5294 Btomenvcnna
1236 5240 1263 5293 in
1279 5241 1444 5292 coritertaa
1466 5254 1495 5290 se
1516 5237 1578 5291 Vita
1604 5239 1639 5292 do
1660 5237 1776 5305 Sancto,

108 5325 643 5399 poteritiutelligi,quilactumsit,ut
659 5331 765 5398 Rruno,
783 5347 847 5383 cum
861 5331 913 5383 ltc-
965 5329 1058 5383 adhuc
1080 5343 1179 5398 puero,
1206 5326 1245 5380 ita
1267 5325 1412 5395 loquitur:
1440 5346 1453 5374 «
1480 5324 1602 5395 Hujusa
1626 5326 1776 5380 cunabulis

109 5413 254 5469 mensium
276 5414 440 5469 scholarum
467 5416 668 5486 praefecturam
684 5430 760 5471 aiano
786 5420 849 5472 1010
865 5421 914 5471 aut
965 5418 1059 5470 mater
1078 5414 1218 5487 sapientia
1237 5413 1360 5466 lactabat
1375 5412 1538 5475 infantiam,
1556 5416 1585 5466 ct
1609 5418 1724 5484 semper
1747 5415 1774 5469 in

105 5501 238 5575 sequenti
261 5502 380 5570 dimisit,
401 5505 474 5559 hanc
492 5505 554 5576 jam
570 5492 690 5561 dudum.
712 5506 741 5561 id
762 5510 814 5569 ast,
830 5505 913 5559 annis
965 5504 1096 5576 proiectu
1114 5503 1205 5558 vetatis
1229 5502 1368 5572 prolicere
1385 5502 1421 5555 ad
1438 5503 1559 5557 meliora
1581 5503 1704 5557 edocuit.
1726 5504 1775 5557 ilic
