3772 5970
157 280 208 340 ur
582 273 611 340 s.
627 282 800 341 aanuours
822 264 1138 341 mnrnhshuoanu
1159 280 1394 341 iusnrmasus
1768 277 1820 340 iss

154 404 370 462 electionibus
395 404 423 462 S.
445 405 586 462 Brunonis
609 406 807 480 prodigiosam
836 405 963 462 doctoris
973 412 1001 471 A
1012 406 1179 481 niacpnsem
1192 407 1221 464 in
1237 406 1271 462 iis
1280 423 1379 463 rerum
1388 408 1418 462 et
1428 409 1596 478 temporum
1605 404 1822 462 conditionibus

156 493 314 549 anastasim
330 510 389 549 non
406 494 521 562 idcirco,
536 496 692 567 quodfalsa
707 495 962 567 putaretur,luisse
1012 496 1168 567 scripsisse,
1186 501 1217 551 ut
1231 514 1265 551 ex
1280 496 1342 567 ejus
1363 495 1477 551 silentio
1488 495 1677 568 aequipollens
1691 495 1821 549 affirma-

156 583 342 653 cxpunctam,
359 582 556 638 indubitatum
570 583 689 651 iaciunt,
703 600 767 654 qum
783 601 864 639 uum.
876 586 963 639 lauet
1013 583 1084 639 tioni
1101 585 1174 640 ratio
1184 584 1320 653 ducatur,
1338 584 1443 640 deinde
1456 584 1619 640 nullosesse
1630 583 1824 639 Brunonisvel

155 669 318 743 binisseqq.
332 671 362 725 in
374 671 504 726 medium
523 674 590 726 sunt
604 672 737 727 adducta.
747 673 804 727 Nec
819 674 872 739 est,
885 672 963 744 quod
1013 674 1090 729 Petri
1097 673 1290 729 cluniacensis
1298 674 1433 746 aequales,
1442 688 1614 744 supparesve
1630 671 1825 744 auctores,qui

156 759 220 831 quis
234 776 286 832 pro
293 760 558 832 Launoioreponat,
566 762 657 816 solam
665 761 877 832 deprehensam
885 761 963 816 lalsi·
1009 762 1079 817 huic
1095 761 1131 816 de
1151 762 1278 818 doctoris
1306 762 1430 817 anastasi
1448 761 1575 817 historice
1591 760 1823 832 patrocinentur.

155 848 248 904 tatem
263 865 324 903 esse
338 864 422 919 posse
436 864 562 916 causam,
576 849 708 920 obquam
715 848 805 921 quide
821 848 963 905 Breviorio
1014 850 1089 915 Quin
1106 850 1195 905 etiam
1203 850 1303 906 unicus
1317 850 1469 906 Guibertus
1495 848 1584 911 abbas
1602 849 1639 904 de
1662 847 1824 919 Novigento

156 940 348 1009 expungatur.
364 936 395 992 ld
408 936 486 992 enim
502 953 596 993 avero
616 937 743 993 alienum
759 954 819 993 non
843 938 964 993 obscure
1013 938 1171 1013 productus
1182 937 1213 993 id
1228 939 1326 1006 habet,
1350 939 1429 1012 quod
1443 941 1473 993 et
1485 940 1635 1009 sumptum
1656 953 1691 992 ex
1709 935 1824 992 silentio

155 1022 263 1080 fatetur
276 1024 401 1097 ipsemet
414 1025 558 1080 Launoius
570 1024 599 1079 in
622 1042 673 1080 sua
686 1026 721 1081 de
736 1043 806 1081 vera
818 1043 903 1081 causa
919 1043 964 1080 se·
1013 1027 1093 1084 Petri
1103 1026 1276 1083 Cluniacesis
1289 1030 1495 1098 argumentum
1510 1025 1600 1082 solide
1618 1025 1783 1091 confirmat,
1797 1026 1826 1079 ct

155 1128 255 1167 cessus
266 1111 295 1168 S.
309 1113 488 1168 Brunonisin
501 1130 635 1169 eremum
644 1115 853 1170 Dissertatione
867 1131 930 1186 cap.
949 1118 964 1169 ὅ
1015 1132 1135 1171 omnem
1144 1115 1280 1171 institutae
1293 1115 1540 1172 carthusiensium
1549 1113 1699 1186 religionis
1708 1129 1825 1168 causam

155 1197 185 1255 in
214 1201 398 1256 conclusione
419 1201 459 1256 sic
484 1201 628 1258 scribens:
646 1225 660 1253 «
679 1201 743 1258 alia
764 1203 844 1258 nulla
869 1203 966 1275 potior
1004 1203 1142 1259 dilucide
1158 1204 1311 1277 exponit.»
1337 1203 1452 1259 Nechic
1473 1201 1734 1276 quidquam,quod
1751 1202 1826 1257 hanc

155 1303 240 1343 causa
251 1288 277 1360 (e
294 1289 439 1345 Breviario
453 1290 562 1345 scilicet
575 1290 645 1363 quid
654 1291 850 1362 expungendi)
875 1292 966 1346 eccle·
1018 1292 1136 1348 Launoii
1151 1293 1367 1348 conclusionem
1378 1295 1497 1360 evertat,
1509 1292 1714 1347 Carthasianus
1729 1294 1828 1346 noster

154 1374 275 1431 siastieis
285 1377 478 1447 praescribitur
492 1378 609 1450 regulis,
623 1395 711 1450 quam
725 1378 904 1450 deprehensa
913 1380 967 1435 lal·
1017 1398 1212 1454 anonymmus
1227 1382 1353 1453 reponit.
1368 1382 1556 1436 Etverohanc
1570 1383 1711 1452 quantum
1725 1379 1763 1434 ad
1772 1378 1828 1451 pri-

155 1464 223 1520 sitas
247 1488 260 1517 u
277 1465 490 1530 Quibusverbis
503 1484 569 1522 cum
585 1467 725 1535 affirmet,
741 1467 887 1540 potiorem
913 1468 966 1522 lal-
1018 1487 1111 1537 mum,
1128 1470 1206 1542 quod
1225 1471 1436 1542 complectitur,
1453 1468 1566 1524 veritati
1588 1485 1649 1523 esse
1668 1468 1825 1534 dissonam,

154 1552 404 1627 sitatequidquam
415 1554 965 1629 eBreviariocxpungendicausamnon
1017 1558 1137 1613 nulluex
1151 1558 1243 1630 capite
1260 1560 1465 1631 apparettlum
1481 1557 1560 1613 enim
1582 1557 1737 1628 scriptores
1757 1555 1829 1611 anti-

154 1642 228 1711 dari,
244 1643 332 1698 aliam
357 1644 456 1716 utique
472 1644 534 1699 dari
555 1647 696 1715 praeterea
714 1661 799 1717 posse
821 1647 962 1717 agnoscit.
1015 1646 1075 1719 qui,
1089 1663 1211 1703 numero
1227 1664 1296 1702 sanc
1312 1663 1372 1702 non
1383 1646 1477 1718 pauci,
1490 1662 1562 1718 quos
1576 1644 1826 1701 launoiusiurem

190 1733 252 1787 all.
266 1731 322 1787 Sed
333 1731 403 1803 quid
414 1747 502 1803 porro
517 1733 661 1788 Launoius
683 1750 699 1789 e
722 1733 876 1788 citatorum
897 1750 914 1789 a
933 1729 1096 1790 seBsuam
1118 1735 1224 1803 citavit,
1258 1735 1425 1791 Parisiensis
1454 1733 1591 1806 prodigii,
1611 1749 1661 1790 seu
1686 1733 1823 1788 luctuosae

152 1823 303 1875 auctorum
326 1820 440 1875 silentio
462 1824 565 1892 pergat
592 1821 774 1889 concludere,
799 1821 960 1878 audiam'us.
1012 1823 1144 1879 damnati
1154 1822 1279 1879 doctoris
1293 1821 1825 1896 historiaenuspiammeminerintque

155 1929 170 1960 u
183 1908 312 1963 Tertium
328 1928 341 1958 υ
358 1911 411 1975 est,
427 1908 532 1980 inquit,
554 1931 568 1959 «
586 1909 664 1981 qnod
678 1911 774 1964 Bruno
794 1910 962 1965 Parisiensis
1011 1911 1139 1968 veritatis
1153 1911 1328 1984 speciefesse
1343 1912 1418 1969 hanc
1431 1911 1508 1983 apud
1521 1926 1623 1967 omnes
1633 1911 1766 1982 antiquos
1778 1927 1824 1965 ra·

152 1997 305 2069 theologus
317 1997 706 2069 luerit,scholasquel.utetioe
719 1999 874 2071 aliquando
884 2016 963 2056 rexe-
1011 2003 1083 2068 tam,
1098 2000 1364 2073 possitasseverari‘?
1373 1998 1457 2065 Quod
1464 2002 1562 2055 autem
1569 1998 1607 2054 ad
1618 1998 1695 2054 Petri
1706 1998 1823 2053 Cluuia·

152 2084 201 2152 rit,
216 2084 399 2155 posseadhuc
413 2101 447 2140 ex
456 2085 604 2140 nocturnis
614 2085 801 2156 illiusvigiliis
818 2086 891 2156 tolli,
902 2104 962 2144 non
1011 2090 1105 2145 censis
1118 2092 1147 2145 et
1159 2089 1286 2145 Guiberti
1300 2089 1445 2144 silentium
1465 2086 1672 2158 pertinetem
1684 2087 1824 2159 aliquam,

152 2172 247 2227 solum
262 2173 962 2244 quiaveterumauctorumnemoBrunonemma·
1012 2183 1195 2245 nontamen,
1205 2174 1825 2250 quamLaunoiuseontendit,formatisindc

152 2259 276 2332 gistrum
298 2261 490 2317 parisiensem
510 2262 621 2329 fecerit,
652 2262 695 2317 vel
713 2263 824 2318 scholas
845 2264 963 2319 Lutetiae
1013 2267 1194 2338 argumentis
1202 2263 1673 2338 negativisinesse,supraostendi.
1683 2263 1826 2318 launoius

152 2348 258 2404 rexisse
275 2348 389 2417 dixerit,
406 2350 448 2404 uti
477 2350 614 2417 vidimus,
634 2351 789 2407 sedetiam
804 2352 873 2424 quia
896 2356 964 2408 ante
1014 2355 1142 2410 interim.
1160 2355 1235 2410 Petri
1253 2353 1448 2410 cluniacensis
1462 2353 1497 2408 de
1514 2353 1680 2425 prodigiosa
1699 2351 1826 2407 doctoris

151 2436 294 2492 Brunonis
307 2440 423 2492 aetatem
447 2440 554 2494 statum
579 2437 666 2496 luisse
681 2439 795 2494 Parisiis
809 2441 963 2512 theologiae
1015 2443 1139 2498 anastasi
1155 2443 1300 2498 silentium
1318 2465 1331 2493 ι(
1346 2459 1398 2514 per
1414 2444 1544 2497 auctores
1556 2441 1689 2513 antiquos
1710 2440 1826 2496 etillius

151 2525 289 2593 studium,
304 2528 390 2599 atque
405 2527 445 2581 ibi
472 2527 672 2599 magisterium
688 2528 716 2582 in
732 2529 880 2601 theologia
901 2529 963 2585 dari
1013 2534 1165 2606 plerosque
1174 2531 1323 2605 temporis,
1331 2548 1387 2603 quo
1400 2546 1447 2585 res
1455 2532 1536 2602 gesta
1545 2528 1679 2596 traditur,
1690 2544 1749 2584 non
1761 2544 1827 2599 sup

151 2612 279 2680 solitum,
294 2613 338 2668 vix
348 2615 529 2685 probaretur.
547 2636 561 2665 u
580 2614 663 2679 Quod
680 2615 717 2669 ad
732 2615 794 2671 haec
807 2617 964 2688 respondet
1013 2622 1119 2694 pleri,»
1136 2618 1470 2683 meritoaltlrmat.0uos
1480 2618 1558 2673 enim
1570 2616 1825 2688 scriptoreshujus

152 2700 358 2756 carthusianus
385 2705 484 2757 noster
504 2719 680 2774 anonymus,
697 2703 803 2758 nullius
820 2704 963 2760 momenti
1014 2708 1093 2765 modi
1115 2710 1288 2782 Raynaudus
1309 2707 1446 2774 laudavit,
1464 2724 1498 2762 ex
1509 2707 1666 2779 Polycarpo
1682 2705 1719 2760 de
1735 2705 1762 2759 la
1779 2705 1826 2759 Ili-

151 2791 315 2862 est3neque
331 2790 409 2845 enim
426 2791 545 2858 bulaeus,
561 2792 784 2859 utait,l.utetiac
807 2793 963 2866 aliquando
1013 2796 1459 2870 vierelaudavit,quammaloein
1475 2792 1823 2851 hisceobtrudendistldei

149 2879 293 2935 studuisse
312 2880 480 2952 scholasque
493 2881 599 2936 rexisse
612 2883 790 2948 Brunonem,
808 2882 963 2938 auctorita·
1014 2887 1164 2953 exstitisse,
1175 2886 1317 2941 Launoius
1325 2883 1484 2951 contendit,
1499 2882 1643 2955 taciteque
1657 2880 1824 2938 Columbina

151 2966 226 3023 tibus
236 2969 485 3041 argumentisque,
495 2987 560 3042 quae
568 2970 841 3038 adducit,ullatenus
848 2969 962 3026 evincit.
1015 2978 1123 3047 etpost
1141 2975 1219 3030 hunc
1233 2973 1290 3046 [adi
1308 2990 1389 3029 num.
1415 2975 1474 3045 lat)
1489 2970 1702 3044 Papebrochius
1721 2973 1822 3025 noster·

151 3055 205 3112 Res
217 3057 348 3131 liquetex
359 3074 447 3129 supra
459 3057 552 3125 dictis,
563 3075 596 3113 ac
604 3059 749 3130 praecipue
764 3074 799 3113 ex
812 3058 965 3131 iis,quibus
1014 3067 1185 3137 agnoscunt.

151 3145 319 3202 Brunonem
342 3146 462 3202 Parisiis
491 3146 709 3202 verosimillime
737 3162 888 3218 nunquam
912 3146 962 3202 do·
1050 3151 1289 3216 3ld.«Quintum»
1300 3152 1342 3206 est
1356 3145 1742 3221 (itaineonclusionibussuis
1757 3162 1822 3218 per-

150 3235 252 3302 cuissa,
265 3233 443 3306 dubiumque
460 3234 549 3290 etiam
565 3250 638 3303 esse,
654 3251 691 3288 an
706 3233 815 3290 ibidem
834 3250 963 3306 unquam
1014 3237 1622 3313 githaunoiustudidascalicumscriptorem
1636 3252 1697 3291 non
1712 3234 1823 3289 satisac

136 3321 303 3390 studuerit,
321 3322 511 3378 ostendimus·
531 3321 657 3377 launoio
681 3323 789 3394 itaque,
806 3321 835 3377 S·
858 3323 965 3378 Brune
1014 3323 1824 3400 curateperpendissevetcertedissimulasseomniamo-

151 3427 220 3466 uem
236 3426 290 3466 nec
310 3411 480 3482 theologum
505 3410 620 3466 Parisiis
644 3410 742 3479 luisse,
771 3428 825 3467 nec
853 3412 963 3468 scholas
1014 3421 1114 3473 menta
1130 3417 1269 3489 epistola,
1292 3431 1382 3488 quam
1412 3432 1447 3470 ex
1467 3415 1572 3486 Apulia
1589 3414 1660 3486 (imo
1680 3412 1822 3484 Calabria)

136 3498 261 3556 ibidem
271 3500 387 3567 rexisset
401 3500 589 3555 contendenti
605 3499 744 3571 refragari
759 3516 819 3556 non
834 3516 961 3572 possum.
1013 3502 1702 3577 Brunoadfladulphumllemensempraepositum
1710 3500 1823 3556 misit...

151 3589 289 3644 Atlssmen
297 3588 343 3644 hic
350 3589 473 3662 scriptor
489 3604 644 3661 perperam
657 3588 688 3644 in
703 3588 822 3644 dubium
835 3593 961 3657 revocat,
1012 3596 1187 3652 Deindenon
1200 3594 1295 3650 minus
1314 3593 1472 3659 aberrasse,
1489 3607 1556 3646 cum
1578 3589 1685 3656 docuit,
1704 3590 1824 3644 Petrum

152 3691 189 3731 au
200 3678 267 3731 ante
287 3678 378 3732 sancti
391 3676 482 3735 nostri
497 3680 614 3733 aetatem
634 3680 742 3733 statum
754 3676 868 3733 Parisiis
879 3677 961 3733 theo·
1011 3683 1212 3740 venerabilem
1224 3682 1289 3738 ideo
1296 3683 1491 3754 spectaculum
1502 3681 1765 3735 memoratumnon
1780 3693 1825 3732 re·

150 3773 235 3847 logice
249 3774 376 3831 studium
389 3775 496 3843 luerit3
515 3776 567 3831 etsi
583 3775 663 3831 anim
683 3779 752 3831 tunc
776 3774 886 3831 ibidem
898 3791 961 3831 ma·
1012 3772 1165 3838 censuisse,
1180 3770 1300 3842 quodea
1310 3773 1424 3826 tantum
1439 3768 1667 3840 miraculaque
1683 3782 1734 3822 suo
1746 3768 1823 3820 tem·

150 3863 301 3936 gisterium
326 3865 356 3920 in
379 3865 527 3937 theologia
540 3865 645 3937 (neque
661 3864 742 3921 enim
757 3863 853 3921 usitati
872 3864 960 3919 modo
1010 3876 1081 3934 porc
1088 3858 1280 3931 contigerant,
1292 3874 1441 3913 recensere
1457 3856 1612 3913 statuisset.
1629 3853 1714 3920 Quasi
1723 3855 1824 3909 Petrus

150 3952 182 4009 iu
196 3954 431 4009 universitatibus
449 3953 557 4025 gradus
571 3952 674 4008 diversi
691 3951 843 4023 excogitati
867 3952 961 4007 adhuc
1011 3948 1071 4021 ipse
1087 3941 1824 4018 conceptisverhisnonaillrmaret,Carthusicnsium

150 4039 277 4111 fuerant)
294 4039 357 4095 dari
380 4056 440 4095 non
464 4040 593 4106 soluerit,
612 4042 688 4094 artes
708 4041 809 4094 tamen
828 4039 961 4094 liberales
1011 4037 1145 4094 ordinem
1155 4035 1241 4091 luisse
1253 4051 1305 4090 suo
1315 4039 1446 4105 tempore
1464 4033 1639 4088 institutum.
1651 4053 1665 4082 »
1691 4031 1737 4086 hd
1761 4031 1824 4086 haec

151 4127 304 4200 omnisque
318 4127 434 4199 generis
442 4126 569 4182 scientiae
586 4127 785 4195 tradebantur,
807 4127 960 4182 celeberri·
1011 4126 1215 4183 Carthasianus
1230 4127 1329 4180 noster
1347 4139 1509 4194 anonymus
1524 4122 1565 4178 ita
1575 4121 1710 4194 reponit:
1728 4119 1822 4186 Certe,

150 4231 258 4288 meque
274 4231 307 4271 ac
317 4215 524 4271 florentissima
534 4215 669 4287 jamtum
685 4215 852 4271 Parisiensis
863 4215 961 4271 civitas
1010 4212 1291 4287 quodhicSaussaeio
1308 4211 1451 4267 launoius
1465 4211 1630 4283 exprobrat,
1650 4208 1781 4264 idatium
1796 4208 1824 4263 ei

150 4305 296 4377 gaudebat
307 4304 466 4371 academia,
477 4303 565 4360 euiad
578 4303 961 4376 universitatissplendorem
972 4308 999 4367 D
1011 4303 1104 4374 magis
1109 4303 1186 4374 J'uste
1201 4301 1369 4373 exprobrari
1381 4303 1485 4372 potest.
1494 4300 1567 4354 Nam
1580 4299 1602 4354 si
1612 4300 1745 4353 accurate
1761 4296 1824 4352 brec

149 4392 223 4448 nihil
236 4392 298 4449 fere
313 4396 420 4465 praeter
434 4408 544 4449 nomen
562 4392 671 4461 deerat,
685 4392 728 4447 uti
743 4392 879 4464 probant,
897 4409 960 4464 quae
1010 4391 1100 4446 verba
1113 4389 1322 4462 perpendisset,
1339 4389 1443 4462 quibus
1455 4391 1571 4442 sanctus
1593 4388 1689 4442 Bruuo
1714 4385 1826 4440 latetur

150 4480 280 4539 llistoriae
291 4481 437 4538 litterarrae
447 4481 573 4537 Francia
588 4481 741 4552 scriptores
748 4485 820 4536 tom.
830 4481 877 4536 llll
892 4497 959 4553 pag.
1011 4482 1076 4552 post
1089 4482 1189 4534 votum
1204 4477 1343 4533 emissum
1356 4476 1636 4532 «intervenientibus
1651 4474 1744 4529 causis
1751 4473 1825 4529 divi·

151 4572 203 4627 t02
213 4572 243 4625 et
257 4586 339 4643 seqq.
357 4569 471 4626 docent.
492 4569 631 4636 Quartam
646 4570 735 4626 modo
751 4569 872 4625 launoii
895 4585 962 4626 con·
1012 4588 1027 4617 u
1040 4583 1112 4622 num
1127 4564 1606 4637 amoremelanguisse,refriguisse
1621 4561 1826 4629 animum,ler-

148 4657 290 4714 clusinam
305 4658 514 4714 examinemus.
1012 4670 1196 4726 »roremque
1211 4652 1371 4722 evanuiss03
1387 4655 1440 4708 »et
1455 4670 1489 4707 ea
1502 4651 1621 4724 aequiori
1629 4649 1732 4723 judicii
1741 4650 1825 4705 lance

185 4750 247 4804 ³15.
261 4745 446 4816 «Quartum»
458 4746 643 4820 inquit,quod
652 4763 687 4802 ex
705 4746 890 4802 laudatorum
907 4762 960 4801 an·
1010 4760 1078 4799 cum
1092 4741 1259 4798 narratione
1273 4740 1400 4797 Guiberti
1407 4741 1442 4796 de
1451 4740 1609 4812 Novigento
1619 4738 1824 4805 examinasset,

147 4835 296 4911 tiquorum
312 4835 426 4891 silentio
440 4836 580 4909 sequitur,
597 4838 642 4893 est
656 4858 670 4886 κ
682 4852 699 4891 a
710 4834 869 4907 'theophilo
891 4834 961 4906 llay·
1010 4849 1069 4889 non
1085 4829 1279 4898 conclusisset,
1295 4833 1428 4885 sanctum
1440 4830 1716 4885 Brunonemvotum
1726 4827 1826 4882 Remis

147 4926 244 4984 naudo
260 4941 414 4998 perperam
427 4927 579 4992 assertum,
590 4940 657 4979 eam
667 4924 704 4980 de
716 4924 821 4996 triplici
836 4922 961 4979 doctoris
1011 4922 1139 4979 emisisse
1154 4924 1184 4976 et
1198 4919 1295 4975 statim
1307 4920 1373 4990 post
1385 4918 1517 4974 relictam
1530 4917 1633 4973 urbem
1648 4917 1825 4972 Remensem

147 5014 273 5072 anastasi
287 5014 498 5082 narrationem,
514 5030 578 5087 quae
598 5013 764 5069 Brunonem
781 5012 811 5068 in
827 5027 961 5068 eremum
1011 5011 1073 5067 sine
1085 5011 1144 5065 ulla
1153 5025 1237 5065 mora
1247 5007 1428 5063 carthusiam
1436 5006 1561 5079 petiisse.
1573 5005 1691 5061 Constat
1698 5004 1779 5060 enlm
1790 5020 1825 5059 ex

147 5103 285 5176 exegerit,
299 5103 377 5174 opud
392 5103 528 5174 antiquos
543 5103 746 5157 omnesratam
761 5115 840 5170 essa3
855 5099 960 5156 deinde
1011 5099 1140 5171 superius
1154 5096 1260 5153 anobis
1275 5096 1336 5151 luse
1348 5095 1486 5167 probatis,
1501 5098 1634 5150 sanctum
1655 5095 1824 5149 Brunonem

145 5191 490 5264 ialsoquoqueadditom,
500 5214 514 5242 «
524 5188 757 5263 quodsilentium
764 5188 840 5244 Petri
849 5187 961 5244 Clunia·
1010 5204 1070 5243 non
1079 5187 1132 5243 nisi
1146 5188 1211 5242 octo
1220 5187 1286 5256 post
1293 5183 1391 5239 llemis
1401 5200 1547 5239 excessum
1557 5181 1677 5238 annisin
1690 5197 1824 5238 eremum

147 5303 163 5335 e
178 5280 271 5337 censis
282 5280 319 5336 de
334 5279 501 5353 prodigiosa
517 5277 643 5335 doctoris
651 5277 775 5332 anastasi
789 5280 818 5332 et
830 5277 898 5333 inde
904 5277 960 5332 im·
1011 5274 1315 5340 abiisseouodautem
1325 5274 1437 5345 spectat
1450 5275 1567 5328 aetatem
1573 5270 1824 5329 Petritlluniacen·

147 5389 163 5421 s
178 5370 262 5441 pulso
276 5368 315 5425 ad
326 5368 513 5425 solitudinem
529 5370 663 5424 Brunone
677 5366 814 5438 supplent
830 5368 961 5421 auctores
1010 5365 1058 5431 sis,
1073 5362 1184 5435 liquido
1201 5361 1290 5417 etiam
1306 5359 1578 5427 demonstravimus,
1594 5358 1729 5415 ordinem
1741 5357 1823 5415 insti·

146 5456 341 5529 »perantiqui
354 5454 870 5531 ctilliuspleriquetemporis,quores
879 5457 961 5526 gesta
1009 5455 1105 5509 tutum
1112 5451 1199 5507 tuisse
1206 5450 1345 5521 pluribus,
1361 5448 1825 5522 antequamipseabbasnascere·

146 5564 164 5602 s
178 5542 341 5618 proditur.»
348 5544 627 5618 Siquidemplanum
634 5543 888 5614 fecimus,Petrum
894 5541 958 5600 Glu-
1009 5544 1068 5611 tur,
1084 5538 1178 5607 annis,
1194 5552 1319 5612 eumque
1329 5538 1401 5596 nihil
1413 5538 1450 5595 ds
1462 5535 1608 5597 miraculis
1616 5536 1694 5609 apud
1705 5536 1826 5595 Cartbu-
