3772 5976
109 330 162 391 853
599 326 777 391 uxrostrro
795 333 831 390 m
849 329 1017 395 PShLllOS.
1033 367 1067 377 -
1082 331 1180 396 PSAL.
1200 333 1277 392 llhlli
1720 333 1772 395 854

110 452 311 510 Deusexistens
320 456 527 511 cumPatre.Et
537 457 694 512 secundum
704 456 913 513 hocinvisihilis
926 457 954 519 Α
970 458 1090 515 lentiam
1104 466 1207 514 sanctos
1217 459 1283 530 ejus,
1300 457 1328 513 id
1343 459 1385 511 est
1397 457 1460 512 illos
1471 473 1542 528 quos
1555 458 1722 514 accedentes
1734 461 1771 515 ad

109 543 213 609 veniet,
232 560 289 598 non
305 545 443 613 localiter,
455 546 505 601 scd
518 545 549 599 in
563 545 697 601 notitiam
708 547 861 602 hominum
873 565 914 601 oe·
965 565 994 603 so
1011 549 1066 604 fide
1082 549 1278 604 sanctificabit.
1309 547 1489 603 Determinat
1509 565 1576 602 vero
1597 549 1644 620 qui
1658 549 1715 603 sint
1728 549 1768 604 illi

108 633 324 703 nietutuniseste‚
341 633 369 687 id
383 637 425 688 est
448 634 617 689 manifestus
631 638 660 689 ct
675 635 790 689 visibilis
813 652 912 690 secun·
964 636 1023 691 sic:
1044 637 1156 692 Sanetus
1170 637 1231 691 dieo
1248 636 1311 690 illos
1325 636 1428 690 scilicet
1451 637 1499 707 qui
1515 636 1653 705 ordinent,
1673 638 1702 692 id
1727 640 1769 692 est

109 720 179 775 dum
193 721 376 792 quodhomo.
388 723 535 778 Dicolleus
545 727 573 777 et
583 740 641 778 uon
652 740 752 777 reeens
762 740 768 777 :
780 724 828 778 sed
842 723 913 777 Deus
964 725 1011 796 qui
1028 726 1204 780 ordinabunt
1218 732 1411 792 testamentum,
1431 724 1461 779 id
1484 728 1527 778 cst
1546 726 1641 796 legem
1663 742 1766 780 novam

106 817 206 878 noster,
222 827 309 882 quem
335 829 386 866 nos
399 814 533 883 etpatres
547 811 636 865 nostri
652 811 913 885 coluimus.Etipse
964 814 1035 883 ejus,
1050 831 1127 885 super
1137 815 1267 883 sacrificia
1283 813 1353 885 legis
1366 813 1480 868 veteris.
1499 811 1581 876 Quod
1594 817 1638 867 est
1651 813 1744 868 dicere
1759 832 1766 870 ι

105 898 181 954 Deus
196 916 248 953 eron
260 899 346 955 silebit
358 917 387 955 se
401 917 461 954 esse
476 902 576 955 [teum.
593 901 674 965 Quod
689 904 731 954 est
745 901 838 955 dicere
856 918 862 954 :
880 902 914 955 Et
963 901 1101 956 sacriticia
1114 903 1290 974 reputabunt
1305 901 1489 965 iuferioraiil
1500 905 1542 956 est
1556 902 1729 972 indigniora3
1740 905 1768 956 ct

106 1004 175 1042 voce
193 990 222 1042 et
236 1004 323 1060 opere
338 1006 367 1043 se
383 989 516 1043 ostendet
539 1006 600 1044 esse
625 991 728 1055 Deum,
753 989 912 1044 secundum
963 991 1169 1045 testamentum
1190 991 1328 1062 superius,
1338 990 1365 1045 id
1376 990 1768 1061 estdignius:asimilitudine

106 1077 185 1148 quod
201 1076 229 1130 in
245 1077 398 1147 Evangelio
415 1078 520 1150 legitur
532 1095 538 1132 ι
551 1101 565 1127 «
579 1077 676 1149 Egoin
689 1079 772 1131 l‘atrc
788 1082 816 1132 et
829 1079 914 1132 Pater
962 1077 1037 1132 itlius
1052 1079 1100 1149 qui
1117 1079 1231 1133 ordinat
1244 1079 1369 1150 lapidem
1384 1078 1768 1150 supe1·lapidcm,etcoetcra

107 1163 137 1219 in
155 1182 201 1220 me
217 1167 258 1220 est
279 1165 371 1237 (Jooa,
392 1183 446 1232 xiv,
475 1169 527 1238 to).
552 1189 565 1215 n
589 1167 649 1222 Dixi
674 1166 741 1238 quia
763 1165 868 1234 veniet,
886 1169 914 1220 et
964 1164 1042 1221 talia.
1055 1166 1258 1221 Exhortatioue
1278 1166 1458 1236 interposita,
1475 1165 1550 1219 redit
1571 1165 1674 1221 adhoc
1689 1165 1767 1238 quod

108 1257 261 1326 postquam
277 1255 397 1321 venerit,
414 1257 482 1326 ipati
495 1258 522 1309 ia
541 1261 678 1326 conspeetu
688 1255 744 1324 ejus
753 1254 913 1321 exardescet,
964 1251 1131 1325 iucoeperat,
1144 1254 1206 1309 sic':
1219 1254 1287 1310 [teo
1311 1255 1389 1327 quod
1401 1253 1538 1307 aduocauit
1548 1254 1650 1321 cultim,
1673 1257 1702 1308 et
1716 1271 1768 1326 per

107 1340 137 1396 id
151 1344 194 1396 est
206 1342 299 1397 fervor
314 1342 473 1398 dilectionis
486 1343 730 1417 augmentatihur,
742 1344 779 1398 ad
794 1343 914 1398 modum
964 1342 1067 1396 coelum
1087 1348 1206 1408 terram
1223 1345 1251 1397 et
1263 1342 1316 1413 ipsi
1329 1343 1386 1395 celi
1401 1342 1601 1396 consentiebant
1614 1342 1681 1413 ipsis
1696 1359 1768 1414 quos

108 1427 415 1503 iguisexardesceutis3
432 1431 460 1486 in
472 1431 712 1504 conspicientibus
721 1448 788 1486 eum
797 1431 913 1502 speciali
963 1430 1108 1485 vocabunt
1117 1431 1253 1502 justitium
1278 1432 1343 1503 ejus,
1367 1431 1446 1503 quod
1468 1431 1527 1502 ipse
1543 1431 1636 1503 justus
1657 1435 1708 1489 ost,
1735 1433 1769 1486 Et

107 1521 234 1589 aspectu,
251 1518 281 1572 in
297 1519 427 1573 fidelibus
442 1519 557 1574 scilicet.
574 1518 612 1573 Et
624 1525 762 1590 tempestas
775 1518 874 1585 valido,
885 1517 914 1572 id
964 1521 1087 1590 quoniam
1100 1519 1159 1592 ipse
1172 1519 1219 1593 qui
1235 1519 1317 1587 Deus,
1335 1524 1378 1574 est
1391 1518 1526 1573 Joueeest
1541 1537 1548 1572 :
1563 1519 1640 1591 quod
1661 1522 1704 1573 est
1725 1518 1768 1574 di·

107 1610 151 1662 est
175 1607 325 1662 excaecatio
340 1608 592 1662 vehementissima
608 1625 614 1662 :
632 1625 696 1680 quui
724 1607 789 1663 ideo
811 1608 914 1663 dicitur
964 1624 1039 1675 cere,
1063 1612 1094 1662 ut
1114 1607 1176 1664 illos
1199 1627 1215 1663 a
1235 1609 1358 1680 pcccatis
1379 1611 1532 1676 exterreat,
1554 1609 1769 1663 annuntiabunt

106 1697 273 1765 tempestae,
288 1696 410 1767 quiaeos
423 1697 457 1751 ad
469 1697 777 1768 modumtempestatis
787 1696 912 1765 dejiciet,
964 1711 1030 1749 eum
1041 1696 1152 1765 justum
1166 1714 1226 1751 osse
1240 1697 1437 1768 iudicem,qui
1450 1697 1478 1750 in
1493 1697 1589 1751 futuro
1606 1701 1721 1767 peccata
1729 1696 1769 1749 ul·

104 1786 134 1838 et
150 1801 202 1855 per
216 1784 314 1838 illicita
326 1784 427 1856 rapiet.
443 1785 501 1838 Erit
518 1787 545 1837 in
559 1787 673 1838 circuitu
684 1785 755 1855 ejus,
773 1784 866 1851 idest,
883 1785 913 1838 in
928 1771 1093 1839 Bciscetur.
1109 1786 1158 1839 Vel
1172 1786 1227 1840 hoc
1242 1788 1335 1840 totum
1350 1786 1385 1840 ab
1397 1785 1445 1840 illo
1458 1785 1520 1840 loco
1536 1785 1586 1839 ubi
1599 1785 1668 1839 dicit
1681 1785 1769 1839 .Deus

106 1871 280 1939 infidelibus,
302 1872 350 1944 qui
376 1873 554 1945 neglexerint
573 1872 600 1928 ei
617 1873 859 1945 appropinquare.
881 1873 914 1926 Et
963 1875 1101 1944 iaoaiseste
1115 1877 1209 1941 ueniet,
1222 1891 1310 1947 nsque
1325 1873 1362 1928 ad
1374 1873 1440 1928 audi
1451 1873 1575 1944 populus,
1592 1873 1628 1927 dc
1642 1872 1767 1927 secundo

107 1963 193 2015 erunt
208 1963 236 2014 in
251 1963 365 2016 circuitu
383 1963 450 2033 ejus,
466 1961 495 2016 id
513 1965 565 2030 est,
590 1962 619 2017 in
642 1962 825 2034 elongatione
842 1961 912 2032 ejus.
965 1963 1089 2018 adventu
1114 1963 1171 2035 logi
1197 1966 1302 2035 potest,
1327 1962 1362 2017 de
1385 1979 1441 2034 quo
1466 1961 1530 2016 ideo
1552 1961 1711 2032 interponit
1726 1965 1766 2027 ut,

105 2047 157 2104 Vel
172 2048 211 2103 sic
227 2067 232 2103 :
247 2050 340 2104 valida
356 2038 521 2123 tempestas,
535 2051 621 2106 idest
636 2050 797 2116 excaeatio,
814 2050 868 2105 erit
883 2050 913 2104 in
964 2069 1030 2106 cum
1046 2053 1140 2124 ipsum
1163 2052 1275 2120 Filium,
1299 2068 1384 2123 quern
1406 2052 1574 2123 loquentem
1594 2052 1653 2105 vult
1678 2051 1768 2105 intro·

107 2138 370 2210 conspicientibus:
391 2156 450 2194 non
464 2140 493 2194 in
509 2139 668 2207 divinitate,
688 2139 738 2194 scd
759 2139 915 2193 incircuitu
965 2139 1080 2208 ducere,
1096 2140 1253 2196 terribilem
1263 2141 1392 2195 iudicem
1406 2140 1436 2195 in
1452 2139 1577 2195 secundo
1589 2139 1770 2195 adventuad·

107 2225 176 2296 ejus,
188 2226 218 2281 id
234 2231 275 2281 est
298 2227 327 2281 in
352 2227 533 2283 humanitate
556 2228 750 2283 solummodo.
772 2226 854 2292 Quod
873 2231 916 2282 est
965 2233 1118 2284 venturum
1134 2229 1303 2296 ostenderit,
1320 2228 1483 2284 incredulos
1496 2227 1769 2295 adaudiendum,et

109 2315 205 2371 dicere
221 2333 227 2370 ε
243 2316 272 2371 in
289 2318 345 2371 illis
365 2324 501 2388 tempestus
520 2320 579 2386 erit,
599 2318 647 2390 qui
665 2334 733 2372 curn
754 2315 914 2387 simplicem
966 2315 1006 2371 illi
1016 2317 1223 2384 obediendum,
1239 2318 1344 2372 timore
1354 2318 1456 2371 saltem
1469 2316 1593 2388 instiget.
1606 2316 1769 2371 Detriment-

107 2403 260 2460 homiucm
275 2422 335 2461 esse
352 2407 558 2479 opinabuntur.
570 2406 739 2461 llunranitas
751 2410 847 2460 autem
864 2421 916 2477 per
964 2406 1039 2476 feste,
1057 2409 1110 2460 etc.
1126 2405 1208 2470 Quod
1229 2406 1267 2460 sic
1289 2405 1473 2460 continuatur
1491 2422 1497 2459 :
1517 2405 1577 2460 Dixi
1602 2406 1679 2477 quod
1695 2407 1769 2460 Deus

107 2493 327 2549 similitudinem
343 2495 476 2550 circuitus
491 2496 603 2550 dicitur.
614 2497 674 2551 Non
691 2495 769 2567 quod
786 2495 814 2548 in
831 2511 861 2549 se
872 2494 914 2549 di·
965 2512 1018 2568 per
1033 2495 1135 2550 Filium
1149 2495 1283 2566 loquetur
1299 2497 1327 2548 et
1342 2495 1454 2549 vocabit
1469 2497 1588 2560 terram,
1605 2499 1633 2549 et
1646 2495 1723 2566 quod
1738 2512 1770 2549 ec

106 2581 255 2638 ciuitatem
270 2584 399 2638 localiter
411 2584 650 2655 comprehendat,
671 2584 722 2639 sed
745 2583 822 2657 quod
837 2583 866 2637 in
880 2599 915 2637 ea
964 2582 1031 2639 Sion
1044 2586 1094 2638 erit
1105 2585 1200 2654 speeies
1213 2583 1313 2636 decoris
1323 2583 1388 2653 ejus.
1401 2583 1435 2636 Et
1449 2582 1509 2654 ipse
1525 2583 1609 2637 titius
1624 2583 1685 2655 qui,
1702 2600 1768 2638 cunr

107 2673 217 2726 occulte
231 2676 258 2727 et
273 2672 459 2744 spiritualiter
474 2673 535 2744 ipsa
551 2673 684 2728 divinitas
705 2672 825 2730 habitet.
842 2671 913 2726 Cum
964 2672 1082 2727 humilis
1097 2672 1162 2739 erit,
1184 2688 1241 2727 non
1264 2671 1415 2743 apparebit
1433 2671 1589 2725 incredulis
1606 2688 1666 2726 esse
1684 2673 1767 2737 Deus,

106 2759 185 2814 enim
202 2760 353 2815 intrarem
370 2761 497 2832 aliquam
515 2761 688 2828 habitamus,
705 2761 807 2815 eadem
821 2776 852 2814 re
863 2759 916 2812 cir·
964 2762 1104 2831 manifeste
1118 2763 1203 2815 veniet
1223 2760 1260 2814 ad
1278 2760 1418 2831 judicium
1434 2761 1464 2812 in
1479 2759 1586 2821 futuro,
1602 2759 1630 2813 id
1646 2763 1769 2814 osteum

107 2848 436 2913 cumdamur.0uoniam
447 2852 544 2904 autern
560 2849 680 2915 dixerat,
690 2848 794 2903 vocabit
805 2855 913 2915 terram,
964 2852 1107 2921 potestate
1122 2852 1151 2903 et
1167 2849 1327 2919 majestate.
1344 2849 1376 2902 Et
1391 2847 1429 2902 sic
1443 2846 1594 2919 apparebit
1609 2863 1669 2901 esse
1684 2848 1767 2915 lleuS,

107 2938 208 2992 elnon
230 2941 410 3008 exposuerat,
430 2955 466 2993 ne
493 2938 547 2993 hoc
572 2938 757 3008 ignoraretur
777 2935 912 2992 ostendit.
965 2938 1122 2993 secundum
1139 2937 1258 3009 quadiu
1274 2936 1427 3007 Evangelio
1443 2935 1590 3007 legitur:«
1605 2935 1768 2991 Tuncvide-

108 3023 176 3080 Dico
192 3026 268 3096 quud
280 3027 392 3081 vocabit
408 3031 515 3081 terram
531 3043 537 3080 ε
555 3030 584 3082 ct
600 3027 654 3082 hoc
672 3027 770 3092 modo,
784 3025 892 3080 scilicet
906 3041 949 3113 :G
964 3026 1037 3081 bunt
1057 3026 1158 3080 Filium
1177 3024 1302 3081 hominis
1317 3024 1482 3078 venientem
1497 3023 1525 3077 in
1543 3025 1619 3078 nube
1634 3041 1699 3078 cum
1716 3040 1768 3095 po·

106 3112 186 3185 prius
207 3113 357 3182 advocabit,
383 3115 412 3169 id
431 3118 474 3170 est
489 3115 525 3170 ad
540 3115 627 3170 sulem
643 3114 755 3170 vocabit
768 3114 869 3180 celum,
885 3112 915 3167 id
965 3117 1067 3169 testate
1088 3131 1195 3185 magna
1208 3116 1236 3167 et
1252 3112 1403 3183 majestate
1419 3111 1497 3185 (Luc.
1514 3129 1569 3179 xxi,
1591 3115 1644 3172 ui).
1670 3134 1684 3161 o
1700 3113 1767 3168 uico

108 3203 152 3255 est
176 3203 331 3273 apostolae,
353 3202 402 3275 qui
426 3202 601 3258 sublimitate
616 3203 753 3257 virtutum
782 3202 916 3256 dicuntur
966 3203 1043 3277 quod
1057 3204 1129 3257 Deus
1144 3201 1229 3257 Filius
1243 3203 1338 3261 vestiet.
1355 3201 1404 3273 qui
1419 3218 1478 3256 uon
1500 3204 1544 3255 ost
1562 3218 1662 3255 recens
1685 3203 1767 3269 Deus,

110 3290 226 3345 coelum.
964 3293 1015 3347 sed
1030 3291 1102 3346 Deus
1114 3298 1200 3345 noster
1215 3307 1302 3362 quem
1319 3290 1447 3344 colimus.
1465 3290 1498 3343 Et
1512 3289 1572 3360 ipse
1587 3291 1704 3344 veniens
1716 3308 1769 3343 noa

145 3379 185 3432 Ne
201 3395 267 3434 vero
279 3382 429 3453 putaretur
445 3380 578 3435 amittere
596 3380 785 3449 divinitatem,
796 3382 915 3452 propter
964 3380 1052 3435 silebit
1065 3398 1082 3435 a
1094 3379 1230 3445 vindicta,
1242 3379 1315 3432 sicut
1331 3378 1360 3433 in
1373 3378 1463 3449 priori
1478 3378 1612 3433 adventu.
1629 3378 1712 3442 Quod
1727 3382 1769 3433 est

108 3471 287 3538 assumptam
302 3469 523 3531 humanitatem,
533 3469 613 3523 addit
629 3469 765 3522 desursum
780 3469 912 3523 existens.
965 3467 1060 3522 dicere
1071 3484 1077 3523 :
1088 3467 1239 3522 ulciscetur
1251 3466 1280 3520 iu
1294 3482 1343 3521 cos
1357 3482 1500 3537 apparens
1511 3465 1540 3519 in
1552 3465 1769 3537 majestate,qui

108 3556 140 3610 ln
150 3555 265 3610 sublimi
279 3557 557 3629 scilicetaqualitate
569 3556 724 3611 diuinitatis
737 3574 802 3611 cum
811 3558 893 3611 Patre
906 3573 912 3611 :
966 3556 1115 3627 negligent
1128 3555 1364 3610 caniveuicntem
1377 3555 1453 3625 prius
1462 3555 1490 3608 in
1500 3553 1768 3623 humilitatellxpo-

108 3644 179 3699 acsi
195 3644 234 3699 sic
251 3644 357 3699 diceret
373 3663 379 3699 :
395 3645 529 3710 Quamvis
548 3647 637 3701 homo
654 3646 690 3700 sit
706 3645 875 3700 manifestus
887 3648 915 3699 et
966 3645 1044 3698 nitur
1059 3647 1157 3698 autem
1168 3642 1315 3714 quomodo
1332 3642 1493 3707 ulciscetur,
1508 3642 1625 3695 sie:vore
1640 3658 1694 3693 non
1708 3639 1767 3694 site*

108 3731 236 3800 visibitis,
249 3736 277 3787 et
292 3733 495 3789 humanavocc
508 3751 613 3789 vocans
629 3738 657 3788 et
671 3734 805 3804 loquens,
815 3735 914 3787 tamen
967 3733 1021 3795 bit;
1042 3733 1109 3801 ignis
1123 3730 1200 3785 enixu
1222 3729 1406 3784 elementaris
1423 3728 1570 3782 exardescet
1586 3729 1616 3782 tu
1631 3733 1768 3796 conspeetu

108 3819 248 3876 desursum
261 3824 325 3876 erit.
343 3823 458 3877 Pcrhoc
474 3823 745 3878 autemJudaeorum
761 3821 914 3892 perfidiam
965 3821 1031 3891 ejus,
1053 3819 1081 3873 id
1101 3823 1144 3873 cst
1163 3819 1192 3871 iu
1215 3817 1368 3888 prasentia
1390 3816 1460 3887 ejus.
1486 3816 1651 3871 Notandum
1671 3818 1768 3869 autem

109 3910 399 3982 expugnat,quieum
409 3910 559 3965 hominem
572 3910 740 3982 simpliciter
756 3927 817 3964 esso
831 3926 916 3965 men·
965 3908 1043 3980 quod
1059 3907 1135 3979 ignis
1159 3907 1210 3960 istc
1234 3922 1292 3959 iron
1316 3905 1371 3958 erit
1394 3904 1441 3959 illc
1465 3902 1539 3975 ignis
1561 3905 1686 3956 aeternus
1711 3918 1768 3972 quo

109 3996 230 4054 tiuntur.
243 3982 327 4070 163
346 3998 427 4053 Unde
441 3999 501 4069 ipse
517 4001 638 4052 testatur
653 4015 660 4052 ε
680 4020 693 4048 u
708 3998 763 4054 Vos
779 3999 814 4053 do
830 3998 916 4052 deor·
965 4000 1065 4068 postea
1080 3994 1161 4068 impii
1175 3994 1235 4049 sine
1252 3994 1309 4047 line
1318 3993 1530 4065 torquebuntur
1540 3991 1553 4046 ‘t
1565 3991 1621 4046 Sed
1631 3991 1768 4045 utbeatns

108 4102 172 4140 sum
189 4086 265 4154 estis,
280 4103 334 4157 ego
355 4087 390 4141 de
410 4086 541 4159 supernis
555 4103 618 4141 sum
633 4086 726 4156 (Joon.
745 4103 803 4152 vm,
820 4089 878 4152 235.
900 4106 914 4134 »
966 4086 1066 4140 Petrus
1077 4084 1214 4149 affirmat,
1228 4081 1308 4136 erite
1322 4082 1354 4135 ln
1365 4080 1573 4136 resurrectione
1586 4081 1769 4134 mortuorum

109 4174 170 4230 Dixi
187 4175 264 4246 quod
275 4174 353 4246 prius
368 4174 459 4228 culum
472 4174 630 4230 advocabit.
640 4173 679 4228 Et
694 4191 746 4246 per
756 4175 859 4229 coelum
869 4175 917 4229 ad·
966 4173 1018 4229 iste
1029 4172 1113 4244 ignis,
1125 4175 1241 4226 tantum
1257 4169 1417 4225 altitudinis
1429 4168 1770 4239 aerisattengcns,quan-

108 4262 221 4317 vocabit
237 4270 345 4329 terrem,
360 4262 444 4317 idest
459 4262 640 4317 alioshdeles
662 4263 711 4334 qui
730 4265 815 4317 erunt
837 4265 916 4317 terra
965 4266 1028 4317 tum
1044 4261 1141 4316 diluvii
1160 4259 1312 4315 inundatio
1334 4257 1501 4314 conscendit
1514 4256 1558 4323 (II
1570 4257 1646 4314 Pete.
1664 4272 1704 4322 ιιι,
1722 4257 1768 4310 lO-

109 4351 180 4422 ejus,
197 4351 382 4422 couipluendi
403 4350 534 4405 doctrina
555 4350 684 4422 ipsorum
698 4351 894 4422 apostolorum
906 4369 913 4421 ·,
926 4334 952 4394 D
967 4354 1022 4418 12);
1040 4373 1053 4399 u
1064 4367 1120 4422 quo
1135 4349 1203 4420 igne
1215 4347 1309 4404 omnis
1323 4347 1397 4402 aeris
1410 4347 1523 4402 ioeditas
1538 4345 1708 4418 expiabitun
1718 4360 1769 4415 per

108 4439 182 4495 sieut
196 4443 274 4495 terra
289 4456 305 4495 a
318 4438 413 4511 pluvia
427 4438 487 4492 coeli
503 4439 688 4508 compluitur,
703 4442 735 4493 ut
749 4455 802 4510 per
813 4439 868 4494 hoc
879 4441 915 4494 sit
965 4455 1052 4511 quem
1066 4439 1163 4510 ignem
1179 4437 1308 4492 fidelium
1317 4452 1439 4506 corpora
1447 4435 1588 4489 etanimae
1602 4434 1686 4489 simul
1697 4450 1768 4489 con-

107 4527 326 4585 iertilisltolens
339 4544 389 4600 per
402 4528 496 4597 ipsum
507 4528 609 4581 coelum
621 4526 784 4583 discerncre
795 4545 915 4585 amasso
962 4527 1160 4600 junctoe,sicut
1175 4526 1261 4580 modo
1278 4528 1354 4591 sunt,
1366 4524 1515 4579 velocitate
1530 4523 1712 4578 summasine
1723 4523 1769 4576 lee-

108 4617 290 4688 perditorum
309 4617 448 4689 populum
470 4631 564 4680 suum,
587 4615 617 4670 id
638 4619 680 4671 est
697 4619 804 4671 terram
821 4635 913 4673 suam.
964 4618 1044 4673 sione
1057 4616 1195 4689 qualibet,
1221 4614 1344 4669 Domino
1360 4613 1473 4668 obviam
1490 4612 1519 4667 in
1535 4630 1603 4668 aera
1617 4615 1769 4668 occurrent

109 4705 192 4771 Quod
207 4708 249 4760 est
262 4705 355 4759 dicere
372 4722 378 4758 :
397 4706 451 4759 Per
469 4704 915 4774 coelnmjamuocatum,vocabit
965 4705 1157 4777 adjudicium.
1167 4702 1248 4758 Unde
1257 4701 1393 4775 pauloet}
1404 4703 1481 4757 Thes.
1491 4701 1769 4773 n·,17):«ltapicmur

109 4798 139 4850 et
153 4798 262 4850 terram
278 4795 313 4849 ad
328 4795 426 4860 sidem,
442 4796 473 4847 ut
487 4797 601 4865 separet
613 4795 859 4864 camaperditis:
886 4799 914 4850 et
965 4795 1080 4850 obviam
1099 4792 1221 4848 [lumino
1237 4791 1266 4846 iu
1282 4808 1359 4857 aera,
1378 4790 1487 4863 »impii
1503 4792 1768 4860 vcropeceatorum

109 4883 132 4939 si
145 4901 203 4939 non
217 4901 234 4938 a
250 4881 464 4938 conversatione
475 4882 655 4953 perditorum
668 4882 851 4954 inpraesenti,
863 4885 915 4938 sal·
965 4882 1168 4954 molcgravati,
1181 4879 1439 4936 multumlmsionis
1449 4880 1477 4933 in
1486 4896 1515 4933 se
1530 4879 1665 4944 serentes,
1674 4881 1766 4933 trans·

108 4977 170 5031 tem
186 4972 528 5028 aconlormitateeorum
540 4975 568 5026 et
582 4971 612 5026 in
625 4971 720 5026 tuturo
736 4988 753 5025 a
763 4971 915 5042 prasentia
965 4971 1047 5028 ibunt
1061 4971 1260 5042 adjudicium,
1282 4969 1311 5024 in
1334 4968 1435 5024 aeterni
1462 4966 1593 5040 protinus
1609 4966 1684 5038 ignis
1700 4967 1767 5021 mit-

108 5077 235 5136 quoque.
965 5061 1044 5116 tendi
1053 5059 1220 5114 cruciatum.
1232 5057 1366 5129 Sequitur
1382 5074 1389 5111 ι
1402 5057 1510 5110 Etcum
1525 5054 1644 5125 ignisibi
1655 5055 1767 5112 tuturus

145 5150 280 5222 Sequitur
295 5150 455 5206 exhortatio
471 5149 617 5220 adipsum
636 5149 750 5215 coetum,
768 5166 831 5221 qua
851 5149 914 5204 talis
965 5152 1010 5214 sit,
1022 5157 1046 5204 et
1061 5152 1092 5204 in
1110 5151 1224 5203 circuitu
1238 5148 1304 5218 ejus,
1319 5146 1348 5199 id
1359 5149 1401 5199 est
1409 5145 1483 5199 circu
1493 5160 1559 5198 eum
1576 5144 1715 5213 localiter,
1724 5147 1768 5200 vel

111 5330 141 5384 et
152 5327 289 5401 quoniam
299 5328 354 5382 hoc
363 5329 418 5381 tale
431 5327 511 5382 robis
527 5327 694 5396 injungetur
707 5325 845 5393 officiunt,
856 5327 917 5381 dili·
966 5327 1078 5394 cet,crit
1091 5321 1771 5396 tempestasvolidu,ventusvehementissimussci-

112 5431 184 5489 gens
198 5416 264 5471 huic
279 5415 372 5471 olilcio
389 5415 522 5471 adhibete
537 5414 674 5469 studium.
686 5414 798 5470 Scilicet
811 5415 916 5487 pruedi-
965 5417 1030 5473 lieet
1041 5415 1194 5471 multitudo
1211 5413 1380 5484 angelorum
1391 5393 1476 5481 164
1494 5409 1700 5481 malignorum.
1716 5408 1770 5473 Qui

112 5506 227 5562 catione
241 5508 517 5579 restracongregate
533 5504 561 5558 in
571 5503 711 5559 unitatem
726 5503 812 5559 fidei:
825 5506 916 5561 ethoc
966 5505 1101 5563 dicuntur
1112 5505 1267 5574 tempestas
1290 5516 1342 5572 per
1365 5499 1597 5567 similitudinem,
1617 5497 1684 5569 quia
1698 5498 1772 5553 sicut

100 5594 163 5672 itti,
178 5594 260 5652 idest
279 5594 315 5653 ed
331 5595 475 5652 honoram
490 5593 561 5670 ojus,
577 5608 637 5652 nou
657 5593 694 5652 ad
712 5592 798 5653 vestri
819 5595 913 5653 extol·
968 5595 1136 5670 tempestas,
1150 5589 1181 5648 id
1199 5594 1242 5648 est
1256 5593 1367 5666 ventus,
1383 5587 1406 5647 si
1419 5604 1512 5664 grana
1525 5589 1555 5646 et
1572 5587 1671 5663 paleas
1686 5587 1778 5647 mista
