3772 5970
177 307 228 373 tta
613 296 647 362 S.
659 301 833 364 BRUNONIS
853 301 1171 363 mnrflusltnomm
1190 299 1426 364 mammons
1786 307 1841 369 tlt

175 440 232 499 rito
244 433 348 496 debeat
363 430 474 496 diverse
489 432 525 493 ab
541 432 644 501 alteru,
669 449 703 488 ac
720 432 843 506 proinde
857 433 979 489 subruat
991 437 1020 497 A
1037 455 1051 484 κ
1064 435 1215 506 probitatis
1229 436 1439 493 existimatione
1452 432 1579 488 floreret.
1596 450 1612 486 »
1635 433 1699 490 llaec
1715 434 1838 507 objectio

176 528 264 587 totius
278 522 574 583 historiaeveritas.Sic
581 521 669 596 igitur
681 524 834 595 utramque
845 523 979 594 aggredi·
1034 539 1093 578 non
1108 524 1226 596 majoris
1248 529 1291 581 est
1306 523 1453 599 ponderis,
1469 537 1557 593 quam
1572 522 1778 594 precedentes.
1794 526 1839 582 Ni-

173 620 223 675 tur
236 613 388 673 launoius.
406 610 613 685 «Imprimis»
629 609 724 684 inquit
737 609 795 678 ille,
813 632 827 662 «
843 610 980 667 Caesarius
1032 610 1159 667 hilenim
1174 629 1208 668 ex
1227 630 1261 669 ea
1275 612 1465 679 concluditur,
1482 613 1531 666 aut
1543 610 1675 666 concludi
1688 614 1783 682 potest
1801 614 1839 670 nd

173 724 192 763 a
203 722 262 763 uon
270 702 517 776 designatcertum
526 703 712 773 tempus,quo
721 715 805 754 suum
812 698 980 772 prodigium
1034 699 1293 757 demonstrandam
1308 703 1351 757 vel
1363 700 1518 756 minimam
1536 698 1613 754 inter
1626 699 1678 754 hes
1691 699 1763 755 duas
1772 718 1838 757 nar·

176 818 191 849 «
202 793 343 860 evenerit,
356 789 498 846 Antonius
514 804 581 844 vero
598 787 731 859 designat
748 803 858 842 annum
874 787 978 859 ipsum,
1031 788 1160 844 rationes
1171 790 1377 847 differentiam.
1393 790 1455 845 Non
1477 786 1557 843 enim
1575 787 1723 857 Caesarius,
1747 790 1839 863 qualis

175 906 191 938 a
202 899 259 959 quo
274 899 359 938 suum
373 877 539 952 prodigium
562 875 707 944 acciderit,
721 894 737 927 s
753 874 811 932 Sed
820 876 850 931 in
863 876 917 931 hoc
936 876 981 932 vel
1031 882 1105 932 esset
1119 877 1166 934 ille
1190 879 1319 947 clericus,
1336 896 1373 934 an
1385 876 1678 949 superbus,malisque
1687 876 1761 932 vitiis
1776 880 1840 935 sub-

174 972 331 1031 minimam
357 970 433 1025 inter
447 970 601 1039 utrumque
628 966 777 1020 auctorem
806 962 980 1020 discordiam
1027 965 1265 1042 jectusexponit;
1291 967 1431 1041 sedquod
1445 969 1519 1022 esset
1542 985 1559 1019 s
1575 965 1681 1022 nobilis
1704 968 1734 1021 et
1748 967 1837 1037 dives,

174 1062 238 1137 quis
252 1062 343 1116 lector
350 1054 534 1130 quantumvis
548 1070 634 1125 sagax
646 1051 859 1125 deprehendet?
868 1053 950 1107 Certe
957 1051 981 1107 si
1031 1074 1048 1108 a
1063 1072 1128 1129 quae
1143 1056 1199 1112 duo
1215 1073 1291 1129 saepe
1306 1055 1440 1112 hemines
1455 1054 1753 1128 extollunt,malisque
1763 1056 1838 1112 uitiis

176 1148 314 1207 Caesarius
324 1148 435 1202 certum
450 1146 565 1217 tempus
579 1145 749 1214 atempere,
762 1141 839 1213 qued
849 1140 983 1212 designat
1032 1163 1048 1198 a
1063 1143 1228 1217 subjiciunt,
1255 1169 1266 1195 ι
1295 1146 1328 1200 Et
1353 1145 1415 1200 haec
1432 1160 1491 1199 non
1506 1147 1671 1216 repugnant
1686 1143 1837 1200 communi

175 1236 349 1302 Antoninus,
372 1233 516 1289 diversum
531 1234 560 1286 et
573 1229 609 1286 ab
625 1229 729 1285 eodem
745 1229 871 1284 multum
884 1244 980 1284 remo·
1031 1232 1200 1301 narrationi,
1220 1250 1284 1307 quae
1303 1232 1454 1288 homiuem
1478 1231 1565 1287 istum
1589 1230 1749 1288 describit«
1765 1232 1837 1289 emi·

172 1329 236 1384 tum
252 1324 426 1397 designaret,
442 1321 472 1377 in
482 1321 537 1376 hec
561 1318 680 1393 quidem
692 1321 847 1392 appareret
862 1321 981 1373 conteu-
1030 1341 1047 1375 a
1059 1312 1292 1378 nentiascientiae
1307 1325 1336 1377 et
1350 1321 1493 1394 probitate
1508 1319 1571 1374 viter
1583 1323 1612 1375 et
1626 1321 1838 1378 maximatama

172 1415 213 1472 tio
226 1434 233 1485 3
247 1414 297 1470 sed
313 1429 379 1469 cum
394 1415 508 1481 tempus
523 1407 615 1475 sileat,
636 1406 706 1462 nihil
725 1405 851 1462 Antonio
866 1408 981 1462 contra·
1031 1411 1251 1482 «pellentem,s
1264 1410 1315 1465 sed
1338 1411 1452 1465 tantum
1465 1408 1550 1480 juxta
1572 1425 1608 1464 ee
1627 1425 1691 1481 quae
1713 1410 1837 1466 exterius

174 1503 251 1561 rium
275 1500 395 1575 profert,
423 1515 456 1554 ae
482 1496 607 1570 proinde
630 1494 778 1568 utriusque
807 1494 981 1550 narrationis
1031 1500 1219 1572 apparebant.
1237 1498 1329 1563 Quam
1342 1500 1379 1554 eb
1393 1515 1457 1554 rem
1469 1497 1724 1553 cedicisldettensis
1736 1501 1837 1554 auctor

149 1651 153 1658 ,
173 1589 334 1649 substantia
348 1588 451 1643 eadem
466 1587 610 1642 remanet.
638 1583 708 1639 lluic
734 1585 875 1654 praterea
899 1586 928 1638 et
941 1600 983 1638 se·
1030 1590 1113 1662 putat
1127 1604 1194 1643 eum
1206 1588 1377 1643 damnatum
1388 1587 1424 1642 ob
1440 1586 1541 1640 vitium
1557 1602 1638 1641 vanae
1649 1586 1760 1659 gloriae.

175 1679 329 1756 quentibus
341 1674 459 1732 Launeii
472 1671 682 1746 objectionibus
691 1673 776 1728 unico
791 1671 983 1746 possimusre·
1066 1678 1128 1732 245.
1140 1695 1157 1730 a
1170 1677 1213 1731 Ab
1223 1677 1277 1731 hac
1291 1675 1454 1747 objectione
1469 1675 1506 1729 ad
1514 1674 1646 1746 quintum
1652 1674 1756 1730 transit
1768 1676 1838 1730 Lau-

174 1783 280 1844 sponso
310 1765 484 1831 satisfacere,
500 1762 523 1818 Si
538 1761 676 1828 dicamus,
694 1760 772 1833 (1¹10d
798 1760 981 1816 verissimum
995 1762 1258 1837 Bnoius‚quamsic
1268 1764 1399 1835 exponit:
1411 1762 1766 1818 «CaesariusParisiensem
1776 1780 1839 1818 aea-

174 1859 227 1924 est,
245 1853 401 1911 Caesarium
415 1853 491 1908 hanc
510 1849 661 1906 historiam
677 1848 851 1921 compendio
867 1851 982 1906 tantum
1033 1875 1047 1905 ι(
1061 1853 1188 1909 damiam
1199 1853 1245 1908 hie
1253 1870 1290 1908 ne
1298 1851 1511 1923 verboquidem
1529 1851 1659 1924 attingit;
1676 1851 1840 1908 Autodinus

176 1943 313 2017 attigisse.
327 1941 410 1998 Unde
425 1958 485 1996 nou
500 1939 619 2008 mirum,
636 1938 658 1993 si
673 1939 779 1993 multas
793 1937 915 1992 tacuerit
929 1954 981 2009 po·
1032 1961 1049 1995 a
1060 1941 1215 1998 vercillam
1224 1941 1371 2013 praedicat.
1388 1941 1422 1994 Et
1430 1944 1529 1996 tamen
1537 1939 1674 1995 Caesarius
1687 1939 1734 1996 ille
1742 1941 1840 1996 multis

67 2086 76 2091 .
177 2037 238 2090 stea
264 2033 300 2088 ab
314 2029 441 2087 Antonio
467 2029 572 2084 relatas
591 2025 829 2083 circumstantias.
848 2024 982 2082 «Deinde
1034 2051 1047 2088 r
1061 2031 1092 2086 in
1107 2029 1213 2086 lociset
1223 2029 1390 2085 Parisiensis
1400 2026 1556 2083 academiae
1567 2031 1595 2083 et
1605 2044 1703 2083 rerum
1717 2029 1746 2084 in
1759 2028 1839 2084 Pari·

178 2144 193 2174 a
210 2120 291 2176 addit
302 2117 454 2186 launoius,
469 2115 605 2172 Caesarius
625 2132 685 2171 non
700 2114 803 2170 deilnit
816 2117 928 2169 certum
952 2113 983 2169 in
1035 2141 1049 2172 a
1063 2118 1458 2191 siensiacademiagestarum
1470 2115 1842 2173 meminit.»l)eindemul·

178 2231 193 2262 a
207 2224 299 2281 regno
312 2205 439 2262 Francire
460 2203 733 2272 locum,Antouiuus
747 2218 814 2258 vero
825 2205 939 2257 certum
954 2203 984 2258 iu
1034 2208 1145 2280 tiplices
1159 2223 1193 2262 ex
1214 2205 1336 2262 Cesario
1352 2205 1502 2260 citationes
1519 2204 1661 2261 launoius
1676 2205 1797 2277 colligit,
1811 2207 1841 2262 in

178 2320 193 2351 u
208 2312 299 2369 regno
311 2293 439 2350 Franci&
449 2293 546 2350 locum
559 2291 670 2361 definit,
682 2291 713 2347 id
729 2293 782 2358 esi,
799 2290 951 2346 Lutetiam·
967 2310 982 2340 »
1034 2297 1137 2371 quibus
1152 2295 1289 2351 Cesarius
1303 2295 1372 2350 lecit
1386 2294 1568 2350 mentionem
1589 2293 1745 2350 academie.
1761 2294 1841 2350 Pari·

178 2384 285 2443 Similis
299 2381 388 2456 priori
401 2381 535 2453 objectio,
550 2397 615 2455 quae
622 2380 716 2435 simile
725 2382 853 2435 meretur
865 2396 984 2452 respen-
1033 2385 1143 2442 siansis.
1156 2383 1214 2440 Sed
1238 2384 1275 2438 ad
1288 2383 1359 2457 quid
1385 2383 1430 2438 hae
1457 2382 1634 2440 citationes?
1662 2380 1740 2437 Sicut
1761 2382 1843 2437 enim

178 2491 253 2542 sum,
265 2488 372 2545 nempe
387 2471 499 2526 nullam
523 2468 564 2526 ihi
579 2467 701 2541 reperiri
728 2468 804 2523 inter
829 2470 984 2540 utrumque
1034 2473 1214 2530 ostendimus
1224 2488 1283 2527 non
1297 2474 1374 2527 recte
1388 2470 1521 2526 concludi
1538 2470 1735 2526 narrationem
1752 2470 1844 2526 Cessa-

177 2565 325 2621 auctorem
342 2558 578 2616 contrarietatem
594 2576 601 2628 ;
615 2574 679 2631 quie
693 2555 879 2630 reperiretur,
895 2557 986 2612 sitire·
1034 2561 1069 2618 rii
1084 2562 1171 2618 aliam
1187 2578 1248 2616 esse
1261 2561 1297 2615 ab
1308 2560 1447 2616 Antonini
1461 2559 1638 2627 narratione,
1655 2575 1689 2614 eo
1706 2558 1842 2633 quodille

177 2652 270 2709 sarius
279 2647 456 2723 Hispaniam,
471 2647 584 2702 ltaliam
596 2646 640 2701 vel
655 2645 782 2720 aliquam
795 2644 881 2701 aliam
889 2645 985 2718 regio·
1035 2668 1094 2706 non
1110 2649 1255 2706 detluicrit
1282 2652 1393 2704 certum
1411 2649 1442 2703 in
1465 2664 1557 2720 regno
1584 2648 1710 2703 Francia
1733 2648 1842 2716 locum,

105 2802 108 2807 ,
178 2758 247 2798 nem
261 2739 318 2796 sire
330 2753 455 2811 regnum
466 2734 648 2792 definivisset.
660 2736 697 2790 At
705 2734 776 2790 dixit
787 2734 986 2808 ille,quodhoe
1036 2756 1123 2814 quem
1135 2739 1182 2795 hic
1198 2737 1312 2806 dcilnit3
1323 2737 1364 2792 ita
1378 2753 1432 2792 nec
1450 2738 1539 2791 ullam
1562 2736 1771 2791 dissonantiam
1787 2736 1844 2791 im·

179 2828 347 2904 prodigium
362 2826 392 2881 in
403 2840 494 2897 regno
513 2823 639 2880 Franciae
654 2823 808 2893 acciderit;
824 2823 986 2879 Antoninus
1036 2831 1152 2900 portare
1165 2830 1261 2900 potest
1272 2827 1417 2881 silentium
1424 2825 1538 2881 Caesarii
1555 2825 1590 2879 de
1603 2823 1843 2880 academiaPari-

176 2934 256 2985 vero,
272 2914 350 2990 quod
362 2912 491 2981 Ῑιϋῑθῑὶω,
505 2929 569 2985 (11¹ae
586 2912 670 2968 estin
685 2928 776 2984 regno
791 2911 985 2976 Franssiaedit·
1037 2917 1132 2984 siensi,
1144 2933 1232 2988 quam
1251 2914 1549 2985 Antoninspraedicat.
1566 2912 1623 2968 Sed
1638 2913 1676 2968 ed
1689 2912 1759 2967 alias
1775 2913 1847 2969 Lau-

177 2993 475 3080 qucquodCaesarius
495 3001 641 3068 omiserat,
672 3001 703 3055 B.
723 3000 865 3057 Antonius
875 3002 988 3073 supple·
1036 3005 1096 3061 noii
1122 3005 1299 3077 objectiones
1329 3002 1478 3058 diluendas
1501 3017 1700 3074 properemus.
1723 3023 1738 3052 o
1754 3002 1847 3057 Cese-

178 3095 228 3152 rit.
245 3095 278 3149 Et
292 3092 358 3148 huic
374 3107 426 3164 par
441 3092 485 3145 est
504 3088 688 3145 eruditissimi
709 3089 832 3145 Andron
856 3087 987 3145 Saussaeii
1038 3114 1053 3148 ι
1073 3093 1131 3149 rius
1147 3097 1246 3166 aperte
1261 3092 1404 3164 significat
1419 3090 1643 3146 clericumsunm
1657 3106 1715 3146 uno
1729 3090 1847 3145 eodem·

179 3180 414 3256 adprobandum
430 3178 566 3235 eamdem
583 3194 644 3234 esse
666 3177 865 3232 narrationem
877 3177 989 3250 optima
1038 3203 1055 3237 a
1065 3199 1121 3255 quc
1144 3186 1275 3255 tempore
1291 3180 1394 3236 dixisse
1410 3198 1416 3234 :
1432 3181 1526 3235 Justus
1538 3179 1628 3235 ludex
1639 3179 1789 3250 judicavit,
1797 3180 1846 3251 ju·

179 3269 371 3337 ratiocinatio,
396 3268 579 3341 quantumvis
604 3266 674 3322 dure
703 3264 732 3320 in
757 3282 822 3321 cem
848 3267 989 3322 exclamet
1038 3292 1055 3326 e
1071 3269 1423 3337 dicatumcondemnarit,
1441 3269 1669 3323 condemnatum
1683 3267 1844 3323 tradiditin

183 3357 337 3424 Lauuoius,
354 3376 370 3410 a
384 3356 406 3412 0
419 3354 585 3411 miserabile
600 3353 739 3426 effugium
756 3353 763 3407 l
1039 3380 1055 3414 e
1071 3377 1175 3416 manus
1190 3357 1529 3431 impiorum.Antoninus
1543 3373 1610 3412 vero
1625 3357 1731 3411 diserte
1746 3356 1850 3412 asserit

217 3448 279 3503 244.
292 3465 308 3499 e
323 3443 460 3501 Caesarius
475 3443 510 3499 de
524 3441 626 3498 clerico
642 3442 769 3516 quodam
792 3441 882 3498 nobili
898 3460 930 3499 ac
945 3442 989 3498 di·
1039 3469 1056 3503 e
1066 3450 1215 3505 doctorem
1231 3464 1314 3503 suum
1325 3447 1416 3502 tribus
1431 3445 1571 3501 distinctis
1592 3444 1692 3501 diebus
1719 3445 1849 3500 locutum

184 3558 199 3588 «
213 3535 447 3591 vitesermonem
469 3530 567 3600 habet,
578 3530 721 3587 Antonius
740 3546 807 3586 vero
832 3532 990 3603 quemdem
1042 3558 1053 3591 ι
1073 3555 1144 3594 esse.
1162 3537 1253 3591 »lam
1269 3536 1392 3591 vidimus
1411 3551 1507 3607 supra,
1531 3551 1564 3589 ex
1580 3533 1672 3588 citatis
1685 3533 1850 3589 auctoribus

184 3646 200 3676 a
216 3622 354 3681 eximium
365 3622 515 3678 doctorem
523 3617 669 3675 describit.
684 3638 699 3669 »
712 3619 776 3674 llaec
786 3620 991 3689 verbascum·
1043 3625 1251 3683 Carthusiensis
1264 3624 1374 3680 ordinis
1385 3623 1526 3695 quosdam
1542 3622 1696 3693 scripsisse,
1711 3623 1787 3677 hanc
1802 3620 1851 3677 tri·

184 3730 232 3773 uus
246 3717 275 3769 et
290 3727 403 3778 nomeu,
420 3707 529 3783 aliquid
546 3707 623 3764 inter
650 3724 681 3764 se
710 3707 882 3765 discriminis
898 3708 994 3782 prima
1044 3733 1113 3772 nam
1123 3731 1224 3770 rocem
1239 3713 1400 3768 adamnato
1411 3712 1555 3783 prolatam
1567 3710 1651 3765 tuisse
1666 3727 1724 3765 uno
1735 3711 1852 3766 eodem-

184 3798 545 3878 speeievideuturhabere,
558 3797 687 3871 seoque
701 3797 784 3853 facile
793 3796 992 3854 conciliantur.
1044 3821 1100 3879 que
1113 3803 1169 3870 die,
1182 3802 1322 3875 quosdam
1333 3817 1399 3856 vero
1415 3801 1506 3856 tribus
1520 3798 1661 3855 distinctis
1675 3799 1852 3854 diebus.Sic·

184 3893 266 3949 Viros
280 3885 733 3945 enimlitteraturaeteruditione
743 3886 911 3957 conspicuos
919 3903 994 3960 saepe
1045 3910 1102 3967 que
1114 3891 1228 3947 Caesarii
1240 3890 1328 3946 verba
1340 3889 1518 3945 concordant
1546 3904 1612 3943 cum
1630 3887 1731 3958 primis
1741 3905 1749 3957 3
1761 3889 1851 3944 Anto·

186 3980 278 4038 dictos
294 3976 379 4032 tuine
400 3974 530 4042 clericos,
557 3972 644 4029 variis
677 3973 817 4029 docemur
846 3975 993 4048 exemplis.
1046 3980 1186 4037 ninirero
1200 3996 1265 4034 cum
1285 3976 1721 4050 ultimis3necproptereaduae
1735 3993 1854 4032 censen·

187 4066 272 4142 Apud
286 4062 454 4120 Ordericum
466 4061 644 4118 Vitalemlib.
657 4077 707 4118 111:
724 4080 740 4114 e
756 4061 879 4119 Clericus
892 4079 998 4136 cogno·
1047 4068 1091 4125 dae
1106 4073 1172 4125 sunt
1181 4067 1362 4123 narrationes
1375 4065 1610 4134 diversae,cumin
1620 4080 1651 4119 re
1664 4065 1850 4122 conveniant.

190 4154 344 4214 «minatus
358 4154 411 4219 est,
436 4149 505 4223 quia
518 4147 624 4223 peritia
638 4149 801 4207 litterarum
818 4151 998 4226 aliarumque
1047 4159 1191 4214 Praeterea
1206 4173 1265 4212 non
1280 4156 1321 4211 ita
1334 4157 1444 4227 aperte,
1462 4159 1493 4210 ut
1511 4155 1571 4209 vult
1588 4153 1743 4221 Launoius,
1761 4153 1852 4209 Caesa·

190 4242 329 4302 «artium
343 4238 476 4313 apprime
492 4237 620 4294 imbutus
634 4241 706 4295 est.»
720 4240 751 4294 ln
767 4239 918 4297 historiam
941 4241 999 4315 epi·
1047 4247 1106 4305 rius
1122 4245 1275 4319 significat,
1291 4245 1425 4300 clericum
1440 4260 1523 4299 suum
1534 4259 1591 4298 une
1603 4242 1765 4315 eodemque
1782 4245 1855 4298 tem·

189 4346 345 4407 scoparum
357 4327 567 4402 Eystetentium
584 4343 622 4384 :a
636 4329 691 4384 lste
705 4329 830 4385 loannes
840 4329 998 4406 {episcopus
1009 4352 1037 4414 D
1048 4351 1119 4408 pore
1143 4336 1271 4391 locutum
1286 4350 1362 4402 esse;
1385 4349 1444 4388 nen
1460 4333 1539 4387 enim
1552 4331 1685 4386 distinete
1706 4330 1852 4404 exprimit,

191 4441 209 4477 ι
221 4436 345 4493 magnus
358 4416 477 4474 clericus
491 4416 522 4473 in
535 4416 601 4488 jure
621 4415 760 4473 canonico
777 4417 1000 4476 tuit.»loannes
1049 4424 1127 4498 qued
1141 4425 1202 4479 haec
1220 4424 1307 4479 verba
1319 4421 1403 4477 simul
1423 4424 1452 4476 et
1477 4421 1567 4476 semel
1589 4422 1633 4476 vel
1648 4419 1740 4475 tribus
1756 4418 1856 4476 distin·

193 4525 308 4584 quoque
319 4504 540 4578 Birellius,prior
549 4505 715 4574 carthusia,
725 4506 762 4562 ab
772 4508 940 4564 Innocentio
953 4509 999 4577 Vl,
1050 4513 1102 4569 ctis
1116 4512 1234 4580 vicibus,
1246 4512 1296 4568 sed
1304 4510 1474 4566 summatim
1486 4513 1613 4578 tantum3
1628 4508 1707 4582 quod
1719 4509 1855 4582 haecpro·

194 4598 238 4656 sui
262 4612 329 4652 eum
349 4593 1002 4670 obiisseeudieret,«Clericusmundi»appella·
1051 4602 1216 4659 nuntiarit:
1233 4619 1297 4675 quae
1316 4605 1383 4657 sunt
1398 4618 1405 4657 :
1419 4600 1521 4655 eadem
1538 4598 1633 4672 quoad
1648 4612 1774 4662 sensum,
1791 4613 1855 4670 que

208 4682 1002 4760 ⁹·usest,utadannumtssdtlsidebimusmonsolumquia
1050 4690 1214 4747 Antoninus
1235 4691 1385 4747 doctorem
1400 4706 1484 4744 suurn
1506 4686 1708 4761 pronuntiasse
1723 4688 1855 4754 testatur,

218 4789 261 4838 rra
275 4773 419 4848 perlectus
432 4772 591 4828 monachus
597 4771 742 4845 (monachi
757 4774 836 4830 enirn
846 4774 1001 4848 aliquando
1051 4797 1112 4836 non
1126 4779 1245 4853 quidem
1258 4780 1360 4835 iisdem
1376 4795 1493 4850 prorsus
1506 4777 1665 4843 verbis,nec
1681 4774 1785 4830 eodem
1796 4791 1858 4832 mo-

197 4865 287 4926 etiam
301 4860 475 4918 clericidicti
489 4859 578 4934 suut),
602 4861 654 4917 sed
669 4861 796 4919 maxime
812 4862 881 4936 quia
895 4864 1000 4920 tamin
1052 4870 1089 4925 do
1116 4869 1202 4938 dieta,
1227 4870 1278 4925 sed
1306 4869 1370 4924 aliis
1401 4868 1480 4923 idem
1503 4863 1733 4938 significantibus
1748 4880 1755 4932 ;
1770 4863 1859 4919 itaut

196 4953 294 5012 divina
318 4949 448 5017 scientia,
460 4965 548 5022 quam
571 4948 601 5005 in
616 4949 745 5007 humana
757 4951 936 5024 superiorem
950 4954 1001 5010 ha·
1053 4959 1131 5014 nulla
1145 4959 1224 5014 sitin
1239 4957 1364 5013 essentia
1373 4957 1415 5013 rei
1427 4954 1626 5020 contrarietas,
1641 4969 1694 5008 nec
1709 4951 1859 5009 diversitas

197 5042 286 5103 hebet
296 5037 457 5106 neminem,
474 5038 550 5110 Ergo
564 5038 701 5095 cesarius
722 5041 752 5095 et
766 5041 929 5097 Antoninus
950 5042 1003 5100 sibi
1053 5046 1108 5102 nisi
1119 5049 1232 5103 tautum
1241 5046 1319 5118 quod
1334 5045 1480 5112 Caesarius,
1494 5041 1627 5101 brevitati
1642 5040 1771 5108 studens,
1794 5057 1859 5098 rem

196 5129 321 5187 invicem
347 5144 406 5184 non
422 5126 619 5194 adversantur,
634 5143 700 5183 cum
722 5126 770 5183 ille
795 5128 942 5200 clericum,
956 5131 1003 5188 hie
1053 5152 1112 5191 non
1125 5138 1186 5190 tam
1204 5135 1266 5190 fuse
1282 5151 1315 5190 ae
1329 5135 1386 5190 late
1397 5133 1504 5191 curavit
1517 5131 1688 5206 exprimere.

197 5234 265 5275 sero
279 5216 416 5272 eximium
430 5215 590 5284 doctorem,
604 5213 751 5271 infelicem
765 5216 916 5274 hominem
929 5218 1005 5276 dixe·
1088 5225 1150 5280 246.
1170 5244 1184 5276 (ι
1197 5224 1361 5279 Notandum
1375 5225 1463 5280 etiam
1478 5225 1628 5278 auctorem
1640 5217 1861 5276 codicisldeten·

198 5310 277 5364 runt.
292 5303 348 5360 Sed
370 5303 460 5360 instat
474 5302 617 5385 Lauuoius
628 5307 661 5359 ut
674 5304 812 5377 sequitur.
844 5307 1004 5365 «Caesarius
1052 5312 1100 5381 sis,
1112 5312 1147 5368 de
1157 5329 1214 5386 quo
1230 5328 1325 5385 supra,
1336 5313 1443 5368 trinam
1451 5307 1667 5367 illamdamnati
1677 5306 1860 5364 vociferatio·

200 5415 216 5446 «
231 5393 339 5449 indicat
362 5391 498 5448 clericum
523 5409 607 5449 suum
635 5392 785 5449 nobilitate
800 5410 833 5449 ec
849 5395 951 5451 divitiis
972 5397 1003 5454 in
1053 5417 1122 5456 nem
1141 5400 1244 5457 iisdem
1254 5402 1315 5456 fere
1325 5401 1417 5456 verbis
1425 5399 1604 5473 expressisse,
1625 5396 1729 5469 quibus
1750 5397 1780 5450 et
1792 5398 1859 5450 ante

202 5503 215 5531 e
229 5479 382 5537 hominem
406 5481 564 5553 superbum
593 5482 723 5550 erasisse,
752 5482 916 5540 Antoninus
938 5502 1003 5543 vero
1052 5484 1859 5560 eumususfueratCaesarius.Porroquotetquantesimi·

200 5591 215 5622 a
230 5585 298 5628 eum
310 5568 452 5643 signifieat
467 5568 628 5642 doctorem,
643 5570 821 5646 quijmagua
835 5573 961 5635 scientiae
975 5579 1004 5636 et
1053 5578 1094 5636 les
1109 5577 1282 5638 differentiae
1293 5579 1322 5634 in
1335 5579 1421 5634 sacris
1436 5564 1859 5652 scripturisocourrufit,etiam
