3772 5976
77 282 140 341 m
874 273 967 332 Am
1693 273 1753 333 w

78 403 249 463 &russie
260 402 363 460 tdontis
388 402 440 459 Dei
456 402 598 476 priorum,
618 401 664 457 hic
688 401 724 457 de
747 400 834 458 verbo
845 402 936 464 autel
946 400 1073 461 nationis
1094 399 1274 456 evadendum
1288 397 1389 457 muudi
1404 398 1651 454 conversationem
1669 398 1752 462 dere-

78 493 220 561 ,uerbum
237 509 274 547 ne
286 492 367 565 apice
381 490 501 563 quidem
515 489 712 562 pratermisso,
729 492 779 544 aut
792 489 898 543 immu·
946 488 1089 560 linquere,
1110 491 1140 543 et
1160 489 1191 543 in
1205 486 1360 543 solitudine
1375 487 1478 545 duram
1492 503 1525 542 ac
1542 502 1670 541 severam
1684 486 1750 545 vite

79 583 162 649 tato,
171 580 351 652 subjicimus,
361 582 393 634 ut
405 580 441 635 dc
456 580 518 651 ejus
538 579 720 652 antiquitate,
744 582 774 633 et
792 575 898 634 nostris
947 577 1092 632 rationem
1106 577 1249 647 suscipere
1264 579 1294 630 et
1305 575 1396 631 ohim.

80 668 205 725 eninm
232 669 308 724 notis
334 669 426 724 lector
447 667 545 723 sanius
565 667 726 739 certiusque
745 666 896 738 judicet.»
972 665 1157 721 382.«Itivino
1167 663 1395 736 igiturconcitati
1403 662 1545 734 scriptuiu
1553 661 1751 732 burgundiam

76 756 200 813 ·1)einde
213 772 281 810 vero
298 758 471 827 conceptam
487 755 581 810 verbis
590 755 702 810 Gallicis
710 755 746 810 de
756 755 897 810 damnato
949 752 985 808 ad
997 753 1094 811 locum
1107 753 1252 807 desertum
1268 755 1298 806 et
1309 748 1754 822 incultum,montibusqueobsi·

80 840 899 914 ¹doctorenarrationem,Latinaetiamhujusadjectaad
948 844 1011 895 tum
1043 842 1241 910 perrexerunt,
1264 840 1312 895 ubi
1339 840 1414 894 inter
1437 842 1561 905 montes,
1582 836 1752 903 constructis

78 933 198 989 scaleam
206 931 459 1005 interpretatione,
469 932 643 987 transcribit.
655 932 831 987 Hancsolam
842 931 899 985 huc
923 952 926 969 ·
948 928 1066 994 cellulis,
1080 928 1215 999 religiose
1225 927 1383 983 admodum
1398 930 1426 982 et
1442 930 1554 981 austere
1563 927 1704 983 viserunt.
1718 925 1754 993 Et

83 1021 267 1076 transtulisse
279 1020 315 1074 ad
328 1020 495 1075 institutum
511 1037 610 1075 meum
626 1019 781 1075 suffecerit.
799 1021 899 1089 ltaque
948 1015 988 1073 sic
996 1016 1107 1087 peritos
1118 1016 1192 1070 viros
1205 1019 1264 1071 tres
1278 1018 1401 1082 sanctos,
1413 1018 1442 1069 et
1453 1031 1511 1081 eos,
1529 1014 1577 1086 qui
1588 1014 1754 1084 exemplum

83 1108 130 1164 sic
142 1109 245 1164 habet:
255 1107 588 1181 «Narratur,quemdam
598 1107 710 1163 Parisiis
725 1107 898 1178 magistrum
948 1103 1063 1157 illorum
1074 1103 1174 1170 secuti,
1191 1102 1269 1158 idern
1279 1103 1342 1158 vilae
1355 1119 1446 1173 genus
1461 1102 1614 1168 duxerunt,
1628 1100 1714 1170 coepit
1723 1101 1753 1171 ct

77 1196 234 1252 exstitisse.
252 1196 301 1268 qui
317 1212 419 1250 omnes
432 1196 735 1267 aliosilliustemporis
744 1194 898 1266 magistros
948 1192 1041 1247 adhuc
1056 1195 1121 1260 stat,
1137 1196 1167 1247 et
1181 1192 1348 1247 observatur
1362 1191 1433 1247 ordo
1448 1190 1664 1256 carthusiensis,
1681 1189 1754 1258 sicut

82 1284 207 1357 ingenio
218 1287 246 1340 et
252 1284 373 1339 scicntia
379 1285 544 1356 superabat.
557 1284 617 1353 Hic,
631 1287 718 1358 prout
738 1282 898 1355 apparebat
948 1280 1107 1352 aquodam
1129 1297 1164 1334 ex
1177 1279 1336 1350 majoribus
1350 1283 1379 1334 et
1394 1279 1605 1351 antiquioribus
1619 1277 1750 1349 ejusdem

78 1373 224 1440 exterius,
236 1374 365 1428 honestae
376 1376 440 1428 erat
453 1372 781 1441 conversationis,necin
798 1388 832 1426 eo
848 1369 897 1425 ulli
948 1368 1068 1435 ordinis,
1082 1369 1143 1428 baec
1165 1369 1265 1423 omnia
1289 1372 1437 1434 narrante,
1453 1384 1552 1430 coram
1565 1365 1685 1425 domina
1707 1364 1752 1427 le·

80 1451 897 1534 rdeprehendebantvirperversimores,autquodcnmque
948 1456 1028 1511 ruina
1042 1456 1140 1511 Sancti
1151 1457 1231 1512 Pauli
1243 1457 1350 1514 comite
1359 1456 1464 1516 audivi.
1477 1455 1705 1511 »ttanabetvota
1714 1452 1751 1520 da

86 1553 174 1622 turpe
183 1549 294 1616 vitium,
311 1549 365 1603 nisi
377 1549 452 1603 lorte
465 1550 578 1604 vanitas
593 1549 630 1603 ob
644 1548 789 1620 insignem
804 1547 896 1601 scien·
947 1545 1072 1603 inlausto
1091 1545 1209 1600 doctore
1225 1545 1350 1600 auctoris
1362 1545 1427 1601 libri
1438 1547 1478 1601 Ite
1487 1548 1611 1617 quatuor
1624 1540 1751 1605 Paradiri

78 1636 161 1692 -tiam
171 1637 344 1693 eteximium
353 1637 495 1707 judicum,
508 1638 611 1708 quibus
621 1637 769 1692 altemino
779 1634 897 1707 egregie
947 1632 1115 1687 fluminibus
1124 1651 1138 1688 e
1148 1633 1568 1705 Carthasianinostrianonymi
1578 1633 1752 1702 interpreta-

80 1724 246 1780 ssinstructus
270 1724 375 1780 luerat.
407 1725 538 1796 Contigit
562 1741 630 1780 vero
659 1725 720 1795 ejus
753 1728 896 1794 tempore,
912 1721 1027 1782 Btione
1053 1723 1196 1790 narrati0;
1220 1723 1373 1794 sequentia
1386 1726 1494 1788 autern,
1512 1726 1542 1777 ut
1553 1726 1677 1792 tempus,
1694 1735 1751 1790 quo
1817 1777 1819 1781 ,

79 1815 123 1869 ent
138 1817 205 1867 -tres
224 1813 377 1883 praecipuae
406 1813 570 1868 nobilitatis⁴
589 1812 750 1867 scholastici
775 1811 898 1866 Parisios
947 1810 1061 1864 circiter
1072 1811 1220 1866 libriillius
1228 1815 1328 1866 auctor
1338 1811 1477 1877 llnruerit,
1492 1811 1676 1875 determinet,
1686 1808 1752 1871 sub·

79 1900 252 1959 ,sudorum
272 1917 358 1955 causa
373 1901 554 1970 accederent,
570 1901 619 1973 qui
647 1900 800 1955 confestim
815 1916 845 1953 se
867 1899 897 1953 in
945 1898 1244 1970 jungit:«Auctorem
1260 1897 1753 1971 narrationishujuscircaGersouis

78 1987 272 2059 «disciplinam
285 1986 397 2058 prelati
415 1987 555 2058 ¹magistri
578 1987 770 2054 tradiderunt,
789 1986 896 2059 quippe
948 1989 992 2042 vel
1001 1988 1141 2043 Antonini
1155 1992 1287 2060 tempora
1310 1992 1424 2043 tanturn
1444 1988 1555 2055 vixisse,
1577 1990 1658 2058 putat
1679 1987 1753 2048 Mau·

83 2076 142 2149 qui
167 2076 299 2131 omniurn
318 2075 442 2130 aliorum
469 2075 900 2148 magistrorumessetemincn-
949 2075 1033 2129 nolus
1058 2079 1087 2130 ct
1112 2093 1145 2131 ex
1158 2077 1269 2131 duobus
1286 2075 1412 2147 conjicit,
1427 2093 1461 2131 er
1473 2076 1579 2131 Gallica
1598 2075 1753 2140 locutione,

90 2164 228 2220 tissimus.
949 2180 1037 2235 quam
1049 2164 1085 2218 ad
1099 2164 1216 2219 illorum
1226 2169 1342 2219 aetatem
1352 2165 1499 2237 pertinere
1512 2166 1581 2233 vuli,
1590 2168 1617 2219 ct
1626 2181 1659 2218 er
1667 2161 1754 2217 modo

128 2253 191 2307 38l.
205 2273 219 2302 ι(
234 2251 364 2324 Cumque
375 2251 427 2306 sub
444 2256 631 2307 eovacassent
644 2251 900 2323 studiiis,p0stlon-
949 2252 1098 2323 loquendi,
1117 2269 1204 2324 quem
1223 2253 1310 2308 etiam
1328 2253 1479 2308 contendit
1493 2253 1627 2308 notitiam
1639 2251 1755 2309 reincu-

88 2357 162 2413 gum
179 2344 293 2411 tempus
308 2342 475 2394 motunscst
491 2340 548 2394 ille.
559 2340 640 2394 Unde
654 2340 778 2393 multum
795 2338 900 2393 coutri-
950 2340 1019 2394 dum
1032 2341 1099 2394 satis
1115 2345 1294 2411 compertam
1309 2344 1339 2395 et
1353 2344 1499 2412 receptam
1514 2340 1683 2410 importare.
1698 2335 1755 2399 Sed

85 2428 156 2485 stati
169 2427 313 2498 discipuli,
327 2444 414 2499 quem
432 2427 461 2481 in
472 2428 529 2482 vita
543 2427 703 2482 dilexerant
716 2426 898 2499 magistrum,
951 2427 1026 2482 docti
1045 2428 1092 2482 alii
1106 2430 1189 2483 aliter
1203 2430 1342 2484 sentiunt.
1361 2429 1494 2484 Claudius
1502 2429 1639 2495 Tilanius,
1654 2426 1754 2497 dequo

88 2517 181 2573 etiam
205 2519 270 2587 post
290 2520 415 2570 mortem
435 2516 581 2572 honorare
603 2519 767 2586 pergentes,
784 2517 899 2569 noctem
949 2532 1046 2587 supra,
1063 2532 1096 2571 ex
1123 2517 1196 2588 stylo
1218 2519 1277 2571 tam
1306 2517 1435 2588 ejusdem
1456 2516 1639 2582 narrationis,
1667 2528 1754 2586 equum

90 2605 172 2660 illam
187 2604 262 2658 circa
276 2603 402 2658 defuncti
425 2619 528 2674 corpus
557 2619 591 2657 ex
606 2603 721 2674 speciali
746 2602 900 2658 devotione
950 2603 1037 2659 totius
1052 2604 1160 2659 codicis
1184 2606 1296 2659 censuit
1322 2623 1382 2661 esse
1404 2606 1499 2660 seculi
1525 2604 1630 2660 decimi
1654 2601 1755 2670 tertii;

88 2693 204 2765 vigilias
222 2710 308 2765 agere
325 2692 630 2759 constituerunt,l)icto
645 2695 900 2747 veromortuorum
951 2689 1038 2764 idque
1056 2693 1145 2747 etiam
1163 2693 1280 2764 probari
1304 2697 1400 2765 petest
1415 2711 1447 2748 ex
1462 2694 1506 2748 his
1521 2694 1637 2749 vocibus
1655 2691 1757 2746 subob-

90 2781 201 2848 officio,
216 2780 399 2852 psalterrium
416 2780 599 2846 inchoarunt,
623 2779 752 2850 Cumque
772 2779 900 2850 primum
951 2781 1049 2848 scuris,
1066 2781 1174 2852 quasin
1190 2781 1293 2858 eadem
1308 2782 1475 2837 narratione
1491 2781 1541 2851 (uti
1557 2781 1645 2836 etiam
1656 2784 1772 2834 revera·

88 2869 281 2926 absolvissent
302 2867 483 2935 Matutinum,
499 2867 557 2921 sive
572 2867 761 2932 Nocturnum,
785 2883 900 2939 corpus,
952 2869 1196 2939 inhacoccurunt)
1204 2877 1353 2924 occurrere
1371 2871 1472 2925 asserit
1492 2868 1675 2940 Rayvraudns.
1693 2867 1757 2922 Una

90 2957 173 3030 quod
182 2957 229 3012 hic
240 2956 523 3027 jacebatmortuum,
540 2955 631 3010 erexit
641 2972 670 3010 se
686 2959 715 3010 et
728 2955 857 3010 residens
872 2955 901 3009 in
951 2957 1114 3023 estUscille,
1132 2957 1396 3029 alteraGraigncur.
1420 2957 1667 3028 Primasignillcat
1681 2954 1757 3027 Vigi-

90 3045 202 3102 teretro
222 3045 284 3101 hec
299 3044 387 3099 verba
409 3044 550 3114 protulit:
569 3065 583 3094 κ
600 3044 707 3115 AEquus
719 3047 771 3109 est,
788 3043 838 3114 qui
854 3005 936 3098 meC
951 3045 1031 3109 liam,
1041 3043 1338 3116 posterinrsignillcat
1348 3045 1493 3115 Magnum.
1508 3045 1577 3108 Quae
1594 3043 1755 3103 ultimavox

91 3133 361 3205 «judicavitul'unc
371 3132 400 3186 hi
410 3131 568 3186 tresclerici
580 3131 696 3197 etsocii,
711 3131 760 3203 qui
769 3131 900 3198 aderant,
952 3133 982 3188 in
998 3132 1204 3203 eodemcapite
1215 3132 1295 3186 citati
1312 3133 1419 3187 codicis
1427 3134 1579 3206 reperitur,
1593 3132 1640 3187 ubi
1656 3134 1756 3189 auctor

89 3221 172 3277 circa
185 3236 298 3291 corpus,
313 3219 366 3274 etsi
376 3218 731 3285 vehementerconterriti,
752 3219 901 3274 nihilomi·
951 3222 1012 3276 haec
1022 3221 1109 3275 verbo
1121 3220 1306 3275 Ecclesiastici
1324 3238 1358 3274 z«
1380 3221 1492 3285 Quanto
1512 3237 1634 3291 magnus
1647 3237 1687 3287 es,
1702 3219 1756 3274 lru·

90 3324 151 3362 uus
164 3307 202 3361 ab
213 3322 301 3375 opere
316 3305 431 3376 pionon
442 3305 623 3372 destiterunt,
631 3305 682 3360 sed
693 3306 818 3361 alterurn
826 3307 901 3377 psal·
952 3331 966 3359 ι(
983 3308 1102 3363 miliate
1120 3309 1150 3362 in
1166 3309 1311 3376 omnibus,
1321 3330 1335 3358 n
1346 3309 1386 3364 sic
1400 3309 1539 3364 idiomate
1549 3309 1597 3363 illo
1612 3308 1757 3365 Gallicano

92 3395 162 3451 terii
176 3398 351 3450 nocturnum
365 3393 509 3466 prosecuti
524 3397 601 3460 sunt,
623 3409 680 3466 quo
699 3395 824 3464 expleto,
855 3394 903 3449 de·
952 3398 1044 3452 desito
1059 3397 1154 3462 vertit,
1166 3416 1181 3449 c
1194 3398 1235 3452 Ite
1251 3400 1313 3452 tant
1326 3397 1583 3467 humilietoyplus‚
1597 3412 1711 3451 comme
1727 3398 1758 3449 tu

90 3482 186 3540 functi
201 3498 315 3553 corpus,
329 3481 488 3551 sicutprius
498 3497 619 3552 erogens
635 3498 664 3535 sc
678 3481 766 3536 dixit:
779 3504 793 3532 α
808 3482 903 3536 iustus
953 3504 969 3537 e
979 3501 1057 3539 seras
1063 3485 1295 3556 Graigneur.»Et
1304 3484 1541 3556 inapographo,a
1549 3483 1668 3555 prelato
1679 3483 1758 3537 Clau-

92 3596 110 3625 «
121 3574 307 3642 etaequusest
318 3568 879 3640 ille,quimejudicavitetcondemnavit.
888 3592 902 3619 a
954 3572 1002 3628 dio
1020 3572 1058 3627 ad
1070 3572 1260 3628 Mentem-Dei
1270 3573 1449 3641 transmisso,
1461 3573 1506 3627 hee
1514 3572 1608 3628 adhuc
1617 3571 1759 3629 dictiones
1837 3614 1845 3621 .

89 3659 173 3714 'l'unc
189 3662 246 3713 tres
274 3657 316 3711 illi
345 3656 441 3711 clerici
458 3656 552 3727 magis
580 3657 673 3712 adhuc
701 3656 902 3728 obstupefacti,
954 3660 1161 3732 antiquissimae
1186 3663 1216 3715 ct
1242 3661 1379 3715 obsoletae
1408 3661 1560 3733 teguntur:
1577 3677 1595 3712 ‹
1610 3659 1671 3722 Quo
1687 3658 1760 3714 Dieu

90 3763 185 3821 qnam
193 3743 507 3811 antealuerant,crucis
515 3744 694 3816 signumsibi
702 3744 904 3814 imprimentes
955 3767 972 3801 a
990 3748 1118 3815 absoitle,
1132 3748 1224 3814 idest,
1240 3749 1315 3803 Deus
1330 3749 1468 3803 absolvat.
1485 3766 1501 3800 a

93 3833 215 3893 tertium
229 3832 410 3887 Nocturnum
435 3830 619 3886 devotissime
641 3831 826 3902 inceperunt;
846 3848 903 3904 quo
991 3838 1052 3892 383.
1065 3855 1081 3889 a
1094 3835 1570 3906 Exhisomnibusauctoremhujus
1585 3829 1760 3892 narrationis

91 3923 223 3994 expleto,
234 3921 312 3976 idem
327 3936 431 3991 corpus
449 3919 533 3974 tertio
549 3923 635 3990 caput
659 3919 784 3992 erigens,
808 3920 902 3976 dixit:
957 3923 1320 3995 esseantiquiorem,quam
1325 3922 1436 3995 putavit
1446 3922 1599 3988 Leunoius,
1616 3921 1684 3977 satis
1704 3919 1760 3979 evi-

93 4010 219 4066 «Justus
230 4012 258 4063 et
273 4025 372 4081 equus
384 4010 428 4063 est
443 4007 501 4074 ille,
518 4008 566 4079 qui
578 4024 625 4062 me
636 4007 776 4078 judicavit
792 4010 821 4062 et
835 4024 904 4063 con·
956 4011 1027 4068 dens
1044 4015 1095 4067 est.
1121 4012 1155 4065 Et
1174 4011 1267 4066 adhuc
1277 4011 1437 4066 evidentius
1458 4011 1523 4078 erit,
1538 4010 1561 4065 si
1576 4025 1713 4082 menam
1725 4006 1763 4064 sit

93 4097 272 4154 «damnavit
281 4101 310 4152 et
322 4096 480 4152 terroribus
487 4096 631 4152 addixitet
641 4096 769 4151 tradidit.
783 4096 905 4168 »Hisque
955 4100 1018 4155 heac
1028 4099 1139 4155 lemina
1152 4099 1249 4154 Sancti
1257 4099 1338 4155 Pauli
1345 4115 1447 4155 omnes
1460 4098 1668 4155 consideretur.
1681 4095 1763 4152 Haud

94 4185 193 4252 dictis,
204 4185 333 4239 defuncti
342 4184 534 4255 corpusquasi
546 4184 714 4242 subitaneus
725 4183 810 4239 turbo
824 4184 907 4239 adve·
957 4187 1089 4255 dubium,
1101 4188 1171 4260 quin
1191 4187 1340 4258 cujusdam
1356 4186 1470 4242 comitis
1481 4186 1578 4242 Sancti
1595 4185 1675 4241 Pauli
1691 4200 1763 4240 uxor

95 4274 184 4331 niens
194 4273 347 4345 abreptum
369 4289 403 4327 ex
422 4271 554 4326 omniurn
569 4272 658 4327 oculis
672 4271 838 4341 asportavit,
853 4287 907 4327 nec
917 4283 945 4343 Ι)
956 4275 1053 4331 fucrit.
1062 4275 1217 4331 Historiam
1225 4275 1344 4330 lamiliae
1353 4275 1539 4331 dominorum
1548 4275 1583 4330 de
1592 4272 1764 4331 Gaeteltiono
1826 4326 1837 4334 .

94 4361 335 4434 deinde,quidde
345 4377 380 4416 eo
395 4360 504 4415 lactum
518 4360 615 4426 luerit,
627 4359 711 4416 reciri
728 4360 831 4431 potnit.
863 4360 905 4428 lli,
957 4378 1044 4434 super
1060 4363 1231 4430 itatronam,
1253 4363 1388 4435 aquibus
1402 4363 1515 4435 antiqui
1529 4362 1650 4418 comites
1665 4360 1764 4419 Sancti

90 4467 168 4507 ⁸vero
182 4454 240 4505 tres
254 4449 414 4521 clerici,qui
428 4449 491 4519 ejus
504 4448 622 4504 luerent
636 4448 778 4520 discipuli,
789 4451 906 4520 stupore
956 4450 1049 4517 Pauli,
1062 4450 1098 4505 ab
1107 4450 1222 4506 Andrea
1233 4452 1276 4505 Du
1292 4450 1401 4506 Chenio
1410 4451 1711 4524 editamperlegimus,
1736 4452 1766 4505 et
1855 4451 1858 4454 '

98 4535 265 4593 vehementi
290 4535 454 4607 acerbeque
470 4534 569 4589 dolore
581 4535 703 4605 perculsi
719 4538 786 4590 sunt
797 4551 831 4588 ex
846 4538 907 4591 tam
958 4539 1034 4595 inter
1041 4538 1180 4594 concitum
1190 4538 1595 4595 SanctiPauliuxoresnullam
1604 4538 1766 4611 reperimus

98 4624 210 4682 intelici
222 4624 352 4695 magistri
382 4623 482 4679 erista.
508 4623 586 4678 Tunc
600 4622 637 4678 ad
652 4622 770 4695 propria
784 4640 814 4679 se
834 4624 907 4680 reci·
959 4643 1028 4698 erga
1043 4628 1174 4681 nostrum
1181 4626 1766 4699 Ordinemdraecipuepropensampraeter

78 4754 80 4757 -
98 4713 213 4786 pientes
227 4711 360 4767 sciscitati
375 4715 443 4767 sunt
456 4727 509 4782 per
522 4714 606 4766 notos
616 4715 646 4766 et
653 4710 820 4779 familiares,
836 4728 907 4784 qua·
955 4714 1077 4772 Mariam
1097 4713 1217 4769 ioannis
1234 4716 1257 4769 ll
1269 4714 1349 4770 ducis
1365 4715 1521 4771 Britanniae
1541 4720 1570 4770 et
1582 4713 1766 4771 Beatricrsab

77 4798 906 4871 ·nauidecausovirtantuspoenisaeternisaddictusesset.
959 4800 1065 4872 Anglia
1089 4801 1191 4869 tiliam,
1207 4801 1345 4858 Gnidonis
1366 4804 1403 4858 lll
1430 4804 1544 4859 comitis
1568 4802 1666 4858 Sancti
1684 4799 1765 4859 Pauli

99 4891 136 4946 Et
149 4890 331 4961 postlactam
346 4889 476 4945 sedulam
497 4886 714 4960 inquisitionem
729 4887 801 4944 nihil
817 4905 907 4960 agno-
958 4906 1088 4957 uxorem,
1115 4893 1241 4945 matrem
1266 4907 1333 4947 vero
1355 4891 1508 4958 tdathildis,
1527 4891 1642 4946 comitis
1663 4885 1766 4943 Valeeii

88 4991 180 5034 -ocare
195 4977 363 5045 potuerunt,
375 4972 738 5059 quodmortalepeccatum
749 4974 908 5033 secundum
958 4978 1099 5050 conjugis,
1115 4981 1145 5033 et
1161 4995 1270 5035 cumco
1279 4980 1437 5035 Carthasiae
1448 4979 1546 5035 Fontis
1560 4980 1654 5033 Reate
1670 4975 1765 5033 tdariae

93 5066 220 5126 merua
244 5061 352 5118 indicia
375 5060 566 5133 judicandum
590 5065 674 5133 esset,
703 5065 909 5133 exceptavana
959 5066 1139 5123 fundatricis.
1157 5068 1247 5123 Guido
1263 5069 1324 5139 ejus
1340 5068 1462 5124 maritus
1476 5068 1530 5122 luit
1544 5083 1641 5122 comes
1667 5062 1765 5127 Sancti

96 5150 204 5225 gloria.
216 5149 309 5214 Quam
318 5149 360 5211 ob
375 5164 438 5204 rem
450 5149 480 5204 hi
490 5153 548 5206 tres
557 5148 664 5216 clerici,
679 5148 732 5203 viri
740 5150 870 5221 potentia
879 5152 909 5206 et
959 5155 1040 5211 Pauli
1050 5152 1766 5227 postmortemtoannae‚suaeconsauguinere,titire
1789 5169 1790 5172 ’

92 5237 216 5312 generis
232 5238 384 5294 nobilitate
407 5238 566 5310 conspicui,
583 5241 723 5308 concepto
743 5238 909 5298 divinorum
959 5246 989 5297 et
1002 5242 1127 5298 heredis
1145 5244 1265 5300 Joannis
1278 5245 1391 5301 comitis
1398 5243 1546 5310 blesensis,
1563 5243 1693 5314 ejusdem
1703 5240 1768 5303 Gui-

93 5327 278 5401 judiciorum
292 5325 408 5394 timore,
423 5325 579 5383 communi
594 5328 721 5384 statuere
735 5325 909 5385 consilioad
959 5331 1044 5387 donis
1058 5332 1163 5403 patrui.
1178 5333 1257 5387 Hanc
1263 5334 1406 5388 loannem
1412 5331 1488 5388 Petri
1494 5330 1607 5388 comitis
1615 5327 1766 5389 Alenconii

87 5414 253 5475 calendas
265 5413 378 5471 animas
388 5430 456 5473 suaa
467 5416 496 5469 et
507 5413 910 5488 perpetuoepericulumdam·
960 5435 1080 5475 uxorem
1106 5419 1174 5492 (quo
1190 5424 1305 5476 mortuo
1320 5419 1382 5475 sine
1404 5419 1501 5475 tiberis
1509 5436 1587 5475 anno
1602 5422 1670 5476 1283
1683 5418 1770 5475 vidua
