3772 5970
21 5680 36 5714 χΙ

145 307 193 367 ιιι
574 277 791 366 sonorosus
812 304 1381 366 clarnosnuoaouusmuroars
1761 308 1814 364 aaa

144 435 183 492 ad
196 432 407 507 poenitentiam,
423 432 451 488 id
467 433 572 488 efficiat
596 435 625 489 iu
641 437 734 502 nobis,
759 439 791 491 ut
809 436 952 491 mundum
964 450 992 511 A
1004 436 1105 492 erebro
1119 434 1228 491 emensi
1244 450 1351 489 sumus.
1368 433 1428 488 llos
1444 432 1532 488 ctiam
1548 433 1629 507 Ilugo
1653 434 1789 489 sacerdos
1805 452 1813 492 t

143 525 221 580 hune
234 528 295 579 toto
309 528 424 598 pectore
440 527 671 594 contemnamus,
686 530 714 581 et
725 528 820 599 quoad
830 527 950 597 ejustie·

145 613 170 669 ri
183 617 288 685 potest,
303 618 383 668 extra
399 614 478 668 illum
493 614 684 686 aufugiamus.
694 615 846 670 Succurrat
857 615 949 682 nohis,

146 702 215 774 quid
231 702 265 756 de
279 720 308 756 se
325 702 393 757 olinr
417 703 519 757 dixerit
544 702 572 757 S.
601 704 700 768 David,
723 705 905 758 contristatus
921 704 949 757 in

145 791 349 846 exercitatione
363 809 423 857 sna,
440 794 469 844 et
494 793 680 846 conturbatus
703 810 720 846 a
739 809 807 847 rece
832 792 951 859 inimici,

146 882 175 934 et
190 897 207 934 a
222 879 408 934 tribulatione
425 880 581 951 peccatoris
593 897 600 944 ;
613 881 729 951 quando
746 898 796 935 cor
807 882 868 951 ejus
878 882 955 936 intra

145 967 240 1039 ipsum
254 968 458 1022 conturbatum
475 968 538 1034 luit,
554 971 583 1022 et
597 969 722 1024 termido
740 971 841 1024 mortis
853 970 954 1024 cecidit

146 1072 233 1127 super
248 1072 325 1122 enm,
344 1056 432 1110 timor
446 1073 560 1127 quoque
576 1061 605 1110 et
620 1061 730 1111 tremor
748 1063 889 1112 cesserunt
907 1075 953 1111 su·

147 1161 200 1216 per
215 1161 292 1212 eum,
310 1148 339 1198 et
353 1147 543 1199 contexerunt
559 1163 625 1199 eum
652 1147 789 1211 tenebrae,
807 1164 871 1218 quan
890 1163 953 1200 om-

145 1232 204 1300 nia,
221 1236 252 1286 ut
267 1232 365 1299 nostis,
383 1250 434 1287 nos
447 1251 562 1305 quoqne
577 1235 686 1304 experti
702 1252 810 1289 sumus.

188 1323 230 1374 11.
248 1343 262 1371 «
278 1320 344 1385 Quis
360 1321 439 1375 dabit
456 1322 537 1385 mihi,
559 1322 662 1392 inquit,
680 1340 790 1394 pennas
811 1323 883 1378 sient
904 1341 952 1378 eo-

145 1409 263 1476 lumbae,
280 1414 309 1464 et
325 1410 437 1476 volabo,
455 1415 482 1464 et
497 1410 700 1481 requiescam?
725 1412 804 1478 Ecce,
822 1413 954 1483 elongari

144 1496 269 1568 fugiens,
284 1503 313 1553 ct
326 1498 420 1552 marrsi
436 1499 466 1552 in
479 1498 632 1553 solitudine
646 1500 731 1570 (176).
745 1520 758 1547 u
777 1501 885 1569 l'uecne
903 1519 954 1556 nos

1005 525 1117 594 Audiri,
1132 524 1233 597 inquit,
1251 526 1279 578 et
1294 539 1347 594 ego
1364 524 1456 577 multa
1481 522 1516 576 de
1536 522 1597 577 viro
1622 525 1686 591 hoe,
1707 522 1814 595 quippe

1006 616 1085 686 cujus
1100 615 1179 668 laima
1186 614 1248 685 jam
1265 612 1370 683 ubique
1381 611 1508 678 redolet3
1519 612 1671 684 habeoque
1682 613 1814 683 explora-

1005 704 1161 768 tissimum,
1173 718 1240 756 enm
1257 701 1348 755 uirum
1365 718 1424 755 esse
1441 704 1584 767 sanetum,
1599 705 1628 754 et
1648 701 1816 755 animarum

1005 791 1088 846 saluti
1103 806 1289 861 summopere
1315 789 1498 857 studentem;
1521 807 1573 844 nec
1596 789 1726 855 dubium,
1744 788 1815 860 quin

1003 880 1193 936 libentissime
1213 896 1265 933 nos
1280 880 1448 950 accepturus
1463 878 1509 944 sit,
1526 880 1555 932 et
1568 877 1662 933 modis
1678 879 1817 933 omnibns

1004 969 1087 1024 nobis
1103 985 1189 1039 opem
1206 968 1354 1021 allaturus.
1366 967 1398 1020 Et
1411 966 1476 1020 ticet
1489 967 1610 1038 egojam
1620 965 1817 1021 allectaaetate

1005 1057 1158 1112 etinllrma
1169 1055 1401 1121 simraletudine,
1414 1055 1584 1126 viaquehcec
1596 1055 1687 1109 ardua
1697 1057 1728 1108 et
1738 1054 1815 1109 dilli-

1004 1146 1076 1213 cilis,
1092 1144 1208 1216 quando
1227 1147 1325 1198 tamen
1343 1143 1477 1197 aratoria
1492 1147 1544 1209 est,
1559 1160 1622 1215 quae
1637 1144 1715 1199 ducit
1727 1143 1763 1197 ad
1776 1143 1816 1197 ri-

1005 1238 1077 1301 tam,
1095 1251 1147 1288 uec
1169 1233 1227 1286 ulla
1241 1236 1310 1287 antris
1335 1249 1398 1286 sera
1426 1244 1468 1286 cst
1490 1232 1526 1285 ad
1551 1231 1767 1304 poenitentiam,
1792 1230 1814 1284 si

1005 1322 1159 1377 statueritis
1174 1338 1208 1376 eo
1225 1320 1376 1392 proficisci,
1389 1336 1442 1391 ego
1452 1320 1585 1375 merobis
1597 1320 1733 1375 comitem
1745 1336 1818 1392 prce·

1005 1410 1090 1476 bebo,
1103 1427 1156 1463 acc
1171 1408 1329 1480 quidquam
1346 1425 1398 1462 nos
1412 1408 1566 1478 separabit,
1581 1409 1634 1463 nisi
1648 1409 1709 1464 sola
1725 1425 1817 1475 mors,

1006 1498 1109 1554 Christi
1122 1498 1262 1552 charitate
1283 1497 1451 1569 perenniter
1469 1499 1616 1568 copulatos
1635 1500 1722 1569 atque
1747 1513 1817 1552 con·

146 1585 285 1640 admonet
301 1587 453 1641 hominum
468 1588 660 1657 frequentiam
675 1591 703 1641 et
718 1591 855 1658 peccandi
872 1607 953 1644 occa·
1002 1587 1128 1656 junctos.
1158 1587 1297 1640 Eamdem
1323 1586 1415 1640 animi
1437 1586 1615 1640 alacritatem
1628 1590 1657 1640 et
1672 1585 1819 1658 prompti-

144 1674 250 1740 sioaes,
266 1675 412 1746 etdegere
425 1675 452 1728 in
463 1676 628 1739 solitudine,
639 1678 840 1746 quatocnsest
852 1696 954 1750 appar·
1007 1676 1137 1730 tudinem
1168 1674 1322 1729 exhibuere
1348 1675 1436 1728 ctiam
1461 1674 1591 1728 Andreas
1609 1678 1638 1729 et
1664 1675 1817 1740 Guarinus,

145 1767 231 1818 tnaus
244 1764 704 1835 agendaepoeriiteutia,i'irtutrrrn
717 1766 836 1827 doctrix,
855 1769 954 1837 glorias
970 1764 1139 1828 Bhomiues
1153 1763 1216 1817 laici
1230 1766 1258 1816 et
1274 1762 1383 1827 idiotae,
1400 1762 1603 1834 petieruntque
1618 1762 1746 1818 breviter
1766 1763 1818 1817 do·

144 1852 386 1907 revelatricem
407 1869 477 1925 ergo
497 1871 549 1908 nos
571 1871 622 1923 par
637 1858 679 1907 cst
690 1855 896 1910 strutiosissime
911 1857 953 1911 in·
1006 1853 1075 1918 ceri,
1092 1869 1148 1923 quo
1164 1855 1247 1923 pacto
1265 1851 1370 1922 dignos
1384 1851 1562 1921 poeniteutiae
1577 1851 1687 1905 fructus
1703 1853 1763 1906 Deo
1779 1852 1820 1906 of-

146 1941 271 2013 quirere,
289 1941 318 1995 iu
334 1942 595 2011 cadiligentissime
616 1943 803 2010 commorari,
820 1949 848 1998 et
865 1962 954 2016 usque
1005 1941 1126 1995 terrent.

146 2029 183 2084 ad
199 2046 367 2100 supremum
393 2030 457 2084 ritca
486 2030 562 2083 diem
589 2033 669 2084 extra
693 2049 757 2085 eam
774 2033 878 2103 pedem
895 2052 954 2088 uon
1044 2032 1086 2084 13,
1104 2029 1187 2093 Quod
1201 2046 1265 2083 curn
1282 2028 1396 2083 abente
1413 2029 1547 2084 Brunone
1569 2029 1677 2085 lactum
1698 2032 1775 2084 esset
1790 2032 1819 2084 et

143 2118 256 2173 etlerre.
271 2119 415 2173 Habemus
430 2121 561 2189 exempla
575 2119 602 2172 in
618 2119 677 2189 ipso
694 2120 850 2187 Salvatore,
867 2139 952 2192 quem
1006 2118 1141 2189 quadam
1155 2118 1242 2171 etiarn
1260 2117 1294 2172 de
1309 2119 1373 2171 vita!
1396 2118 1480 2189 hujus
1495 2118 1651 2190 fragilitate
1667 2122 1695 2173 et
1717 2119 1820 2173 incon·

146 2209 259 2261 constat
273 2223 348 2277 saepe
361 2206 475 2260 deserta
489 2207 639 2278 expetiisse
655 2209 727 2273 loca,
750 2212 781 2262 ut
797 2226 849 2262 nos
864 2211 901 2263 acl
916 2210 952 2264 si·
1006 2207 1121 2272 stantia,
1138 2206 1172 2260 de
1189 2207 1290 2260 mundi
1306 2207 1468 2260 vanitateet
1483 2207 1605 2274 fallacia,
1615 2207 1649 2261 de
1659 2207 1772 2262 incerto
1782 2207 1819 2261 ab

146 2295 227 2350 milia
241 2299 420 2367 provocaret.
437 2295 562 2349 loannes
584 2297 719 2366 baptista,
743 2314 799 2368 quo
818 2298 893 2352 inter
906 2316 955 2352 ua-
1005 2295 1059 2349 hac
1080 2295 1136 2349 rita
1149 2295 1235 2360 exitu,
1254 2295 1288 2348 de
1305 2294 1429 2348 doctoris
1445 2295 1552 2348 recenti
1571 2295 1818 2350 damnationeille

145 2387 189 2439 tos
204 2384 358 2438 mulierum
376 2400 463 2438 nemo
480 2385 712 2455 surrexitmajor,
725 2386 753 2439 in
771 2386 890 2440 desertis
901 2387 955 2440 luit
1006 2382 1315 2448 commemorassem
1327 2383 1459 2437 omnium
1472 2384 1559 2437 oculis
1570 2384 1666 2438 dulces
1676 2384 1819 2454 lacryma-

145 2474 282 2545 usquead
299 2474 377 2528 diem
391 2473 562 2528 ostensionis
578 2491 645 2528 sure.
664 2475 794 2546 longum
810 2476 855 2537 sit,
870 2481 953 2530 caete·
1006 2490 1072 2527 rum
1089 2473 1171 2527 rivuli
1188 2473 1385 2538 dimanarunt,
1403 2490 1526 2544 moxque
1540 2474 1567 2527 in
1591 2491 1693 2529 noram
1710 2473 1818 2530 Christi

146 2577 194 2617 ros
206 2578 438 2616 commemorare
453 2563 585 2617 homines
600 2563 803 2629 sanctissimos,
821 2564 869 2634 qui
883 2581 912 2619 se
924 2564 952 2617 in
1006 2561 1191 2633 aterniregis
1202 2561 1819 2635 militiamsimulomnesconjurant,rogant

146 2650 264 2705 intimas
293 2650 460 2704 solitudines
489 2650 674 2716 abdiderunt,
706 2652 775 2705 nihil
807 2669 872 2706 cum
897 2653 952 2706 hoc
1006 2649 1238 2719 omnipotentem
1254 2649 1818 2722 Deum,utips0sinsanctoproposito

146 2739 257 2794 mundo
283 2738 465 2793 fallacissimo
494 2740 660 2794 commercii
682 2740 790 2794 trahere
814 2743 950 2795 volentes.
1004 2740 1168 2804 confirmet,
1184 2738 1818 2810 etangelnmsnumbonumadipsosmittat,

145 2827 224 2881 luter
239 2829 300 2881 brec
328 2827 547 2882 intlammantur
567 2844 668 2882 eorum
685 2828 785 2895 animi,
802 2832 830 2882 et
848 2829 953 2883 ardent
1005 2827 1052 2898 qui
1065 2827 1100 2881 sit
1114 2827 1224 2881 itineris
1237 2827 1302 2889 dur,
1319 2831 1347 2880 et
1363 2827 1399 2880 ad
1415 2829 1509 2881 locum
1528 2828 1740 2898 suamaJ'estati
1752 2846 1818 2901 gra-

146 2915 281 2970 solitariu·
296 2916 360 2971 ritae
372 2916 512 2970 desiderio
525 2933 532 2983 ;
547 2916 598 2970 sed
617 2933 681 2970 euna
701 2917 842 2971 incertum
867 2917 954 2971 habe·
1003 2920 1065 2971 tum
1084 2915 1161 2987 ipsos
1176 2916 1323 2987 perducat.
1342 2916 1451 2970 Deinde
1467 2933 1534 2971 eum
1551 2917 1586 2971 de
1600 2918 1818 2974 rebusetlacul-

146 3009 223 3072 rent,
240 3021 326 3076 quem
344 3005 523 3077 potissimum
537 3006 632 3059 lorum
648 3009 825 3076 expeterent,
839 3009 953 3060 sanetus
1003 3005 1110 3060 tatibus
1126 3005 1183 3059 suis
1195 3003 1418 3070 constituissent,
1432 3008 1460 3058 et
1472 3005 1572 3060 omnia
1582 3023 1633 3060 sua
1640 3011 1717 3061 recte
1728 3024 1817 3079 expe·

148 3092 243 3148 Bruno
259 3093 384 3165 aliquem
399 3093 490 3147 virum
506 3094 617 3148 bonnm
633 3098 661 3148 et
676 3094 791 3148 fidelem
808 3055 989 3165 inquiren·C
1005 3093 1150 3160 dirissent,
1167 3094 1329 3148 valedicunt
1342 3093 1441 3148 amicis
1456 3097 1485 3147 et
1501 3096 1585 3148 uotis.
1599 3096 1632 3148 Et
1645 3098 1746 3150 sancto
1763 3113 1816 3152 eos

149 3182 360 3254 dumdioit,qui
376 3183 416 3237 eis
431 3185 526 3237 locum
542 3187 738 3253 opportunum
756 3184 952 3238 indicet.Tnm
1005 3182 1126 3237 ducente
1143 3182 1260 3253 Spiritu,
1276 3184 1361 3254 atquc
1372 3182 1476 3254 angelo
1484 3183 1598 3237 Domini
1610 3184 1814 3253 antecedente,

148 3269 286 3343 Stephani
311 3274 378 3336 duo,
409 3271 561 3341 Burgcnsis
586 3274 614 3324 et
638 3271 758 3337 biensis,
780 3288 838 3326 non
855 3273 953 3342 longe,
1006 3271 1150 3341 dirigente
1168 3287 1200 3324 ac
1213 3273 1394 3342 protegente,
1412 3272 1499 3341 longo
1514 3274 1544 3325 et
1562 3272 1684 3327 molesto
1699 3273 1815 3329 acduro

150 3357 240 3425 aiunt,
258 3357 425 3422 aValeatia,
442 3358 486 3411 cui
503 3361 633 3412 nostrum
655 3358 750 3412 Sancti
779 3360 953 3414 Hnssadhac-
1007 3359 1160 3413 itinercarl
1177 3359 1551 3429 beatissimumllugonem,
1568 3360 1735 3432 episcopum
1750 3362 1819 3416 Cra·

149 3449 195 3501 ret
208 3445 416 3501 monasterium
433 3446 518 3515 (tit),
537 3446 604 3500 urbs
627 3450 670 3500 est
695 3447 914 3520 Gratianopolis,
927 3452 955 3502 et
1007 3446 1263 3518 tianopolitanum,
1278 3463 1307 3501 se
1322 3448 1476 3502 conterunt
1489 3450 1573 3520 (1111),
1592 3451 1622 3502 ln
1637 3449 1698 3521 ipso
1715 3454 1815 3505 antem

150 3534 180 3589 in
192 3551 226 3588 ea
239 3535 339 3588 beatus
356 3535 436 3605 llugo
450 3533 609 3606 episcopus,
626 3552 713 3606 quem
728 3553 780 3591 nos
794 3554 869 3609 sape
884 3537 954 3592 ridi·
991 3534 1110 3608 ,itinere
1123 3536 1159 3589 ad
1174 3536 1332 3606 quemdam
1356 3553 1471 3607 magnae
1499 3538 1646 3608 religionis
1663 3539 1818 3594 eremitam

150 3627 256 3677 mosot
271 3623 344 3678 bene
359 3622 507 3694 cognitum
523 3623 759 3695 habemns(t't8).
1007 3623 1162 3690 ctirrrtnut,
1180 3627 1209 3677 ut
1225 3625 1260 3678 ab
1280 3640 1324 3689 eu,
1342 3627 1481 3695 tanquam
1499 3630 1627 3694 experto,
1645 3625 1760 3681 discant
1780 3627 1816 3681 de

188 3715 231 3767 12.
245 3712 293 3767 Est
307 3711 354 3766 ille
369 3711 412 3766 rir
424 3711 629 3779 sanctissimus,
647 3713 741 3784 justus
763 3731 795 3768 ae
815 3719 909 3770 rectus
928 3718 956 3769 et
1007 3710 1065 3764 rita
1078 3711 1204 3765 solitaria
1216 3714 1304 3783 (tao).
1321 3712 1386 3782 lijns
1403 3717 1499 3766 autem
1520 3713 1702 3768 sermonibus
1718 3718 1747 3769 et
1764 3715 1819 3786 piis

149 3799 256 3856 timens
264 3801 366 3867 Deum,
379 3800 592 3873 atqueiaomni
601 3801 737 3857 virtutum
749 3820 856 3875 genere
865 3805 955 3876 probe
1007 3798 1259 3854 adhortationibus
1275 3801 1427 3855 alacriores
1442 3802 1545 3868 effecti,
1555 3802 1718 3874 majorique
1734 3820 1817 3858 amo-

150 3889 330 3945 exercitatus
347 3890 378 3943 ln
394 3890 456 3960 ejus
471 3888 585 3945 dioecesi
601 3894 667 3944 snut
683 3895 797 3946 montes
813 3890 955 3957 altissimi,
1007 3904 1038 3941 rc
1052 3888 1081 3942 in
1095 3904 1160 3941 eam
1173 3888 1261 3942 ritem
1287 3889 1473 3956 intlammati,
1493 3895 1619 3962 pergunt
1641 3891 1684 3945 ire
1705 3892 1817 3947 Gratia-

151 3977 181 4033 in
197 3978 233 4032 iis
246 3978 360 4033 deserta
377 3979 441 4032 loca
464 3979 619 4047 permulta,
643 3978 679 4032 ab
704 3979 783 4032 omni
805 3979 956 4034 bominum
1007 3975 1150 4046 nopolim.

152 4064 956 4137 cousuetudineetbabitationeseparata,atquceacausa
1045 4067 1087 4119 11.
1104 4065 1158 4119 Per
1174 4063 1252 4119 idem
1268 4069 1365 4120 autern
1380 4068 1496 4138 tempus
1515 4067 1585 4122 sidit
1598 4071 1712 4122 sanctus
1731 4069 1814 4140 llngo

152 4150 330 4225 penitentia
340 4151 460 4223 agenda
472 4152 597 4206 maxime
605 4156 812 4223 opportunallt
821 4173 957 4211 cumsan-
1007 4152 1195 4224 episcopusin
1215 4153 1334 4220 somnis,
1352 4156 1442 4209 lleum
1455 4155 1483 4209 in
1498 4173 1532 4210 ea
1543 4173 1652 4223 creme,
1670 4175 1734 4228 quae
1747 4158 1816 4212 Car-

152 4243 214 4295 etus
226 4238 376 4311 episcopus
390 4238 521 4293 verbiset
534 4240 672 4310 exemplis
687 4257 788 4296 omnes
806 4242 905 4297 inritet
920 4244 958 4298 ad
1007 4241 1102 4296 thusia
1115 4241 1339 4308 dicebatur,succ
1348 4243 1491 4313 majestati
1502 4244 1622 4299 domum
1638 4245 1818 4302 exaedisscan·

153 4328 363 4401 poeniteutiam,
392 4327 439 4381 ubi
466 4328 503 4382 ad
530 4345 596 4382 eum
618 4329 792 4397 venerimus,
819 4331 1077 4395 adventusDtem‚
1094 4333 1205 4401 septem
1221 4347 1336 4402 quoque
1353 4332 1814 4397 stellascolorerutilo,inorhem

154 4419 253 4471 noster
269 4416 294 4470 ei
308 4417 362 4471 erit
377 4416 565 4488 gratissimus,
582 4417 723 4490 facietque
738 4436 790 4473 uos
803 4420 860 4474 voti
875 4437 957 4475 com-

152 4505 246 4574 potes.
254 4504 384 4559 Estenim
392 4505 598 4575 perhumanus,
610 4506 751 4578 benignus
768 4510 797 4561 et
819 4509 955 4567 clemens.

153 4590 299 4647 llahebitis
315 4596 412 4649 autem
429 4609 480 4648 nos
494 4593 579 4666 hujus
589 4593 700 4650 itineris
710 4596 807 4664 duces,
817 4598 894 4669 quod
905 4615 957 4654 uos

188 4806 259 4874 (176)
275 4805 388 4864 Psalmo
400 4824 456 4877 mr,
471 4809 529 4865 5-8.

187 4880 263 4948 (177)
273 4880 303 4933 ln
320 4880 493 4953 assignando
511 4879 678 4936 monasterii
704 4881 788 4953 hujus
812 4882 867 4937 situ
890 4900 957 4939 eum

151 4946 280 5004 Puteano
296 4953 325 5004 et
338 4951 564 5015 Blomenvenna‚
577 4969 648 5032 qnos
661 4957 773 5007 secutus
789 4957 842 5020 est,
859 4952 957 5011 Surius

150 5019 197 5074 hic
211 5024 296 5074 errat.
314 5023 367 5077 ani
384 5023 591 5077 Commentarir
606 5024 702 5094 proerii
718 5041 799 5078 num.
821 5028 883 5079 t36.

186 5090 260 5170 (lid)
277 5090 354 5156 Vide,
372 5110 435 5164 quae
452 5094 487 5148 do
503 5098 601 5148 sancto
621 5095 675 5148 hoc
690 5096 955 5187 Gratianopolitano

149 5175 284 5232 episcopo
298 5164 445 5219 Annotata
459 5165 490 5219 in
504 5165 697 5235 antiquiorem
709 5167 798 5220 sancti
811 5167 905 5222 litam
919 5169 956 5222 ad

149 5233 211 5286 not.
229 5236 243 5285 1
257 5233 452 5303 suppeditent.

185 5304 256 5380 (1711)
269 5305 312 5356 Aa
327 5304 457 5372 Sanetus,
475 5305 542 5361 dato
556 5307 655 5372 etiam,
674 5324 741 5362 euru
757 5306 890 5378 prodigio
907 5308 955 5362 de·

147 5370 250 5437 functi,
265 5374 312 5443 qui
327 5392 356 5429 se
373 5375 544 5430 danmatum
563 5395 578 5431 e
594 5379 700 5433 leretro
720 5379 889 5432 vociferatus
905 5380 951 5446 sit,

1007 4418 1168 4490 dispositas,
1180 4422 1241 4473 eta
1261 4423 1339 4474 terra
1354 4421 1502 4490 paululum
1519 4423 1692 4489 sublevatas,
1710 4423 1745 4477 ab
1759 4423 1816 4479 illis

1007 4507 1166 4562 eoelestibus
1179 4508 1244 4575 situ,
1261 4510 1353 4573 motu,
1371 4510 1466 4564 colore
1483 4512 1512 4563 et
1532 4510 1687 4582 splendore
1708 4511 1816 4567 discre-

1007 4600 1118 4670 pantes,
1137 4597 1249 4652 itineris
1268 4597 1406 4652 ducatum
1425 4598 1478 4652 sibi
1496 4600 1765 4672 praestantes(t8t).
1782 4602 1816 4655 Et

1008 4808 1224 4867 Commentario
1241 4809 1346 4883 praevio
1356 4827 1374 4866 a
1385 4827 1467 4866 num.
1481 4813 1534 4867 114
1550 4811 1707 4868 discusmm
1723 4816 1777 4868 est.

1042 4884 1112 4951 118111
1128 4884 1167 4937 De
1185 4884 1239 4938 hoc
1253 4883 1384 4949 eremita,
1402 4899 1418 4936 a
1433 4887 1532 4938 sancto
1551 4884 1769 4956 ejusque-sociis
1784 4884 1815 4940 iu

1007 4953 1052 5007 ria
1066 4956 1205 5011 consulto.
1221 4971 1308 5025 quem
1324 4955 1400 5023 apud
1419 4955 1663 5009 Btomenrennam
1684 4971 1717 5009 ex
1741 4956 1816 5010 Hen-

1006 5025 1065 5078 rico
1080 5026 1194 5092 lialbar,
1216 5042 1276 5079 non
1305 5025 1381 5095 apud
1408 5026 1567 5080 Puteanum
1593 5027 1690 5089 etiam,
1715 5026 1815 5082 Surius

1006 5097 1231 5150 commemorari
1248 5095 1478 5162 insenius-tnesis
1488 5096 1698 5151 Commentarii
1712 5099 1813 5167 praevii

1005 5183 1087 5220 nuni.
1104 5169 1166 5222 111.

1040 5238 1114 5303 (rar)
1127 5239 1174 5293 ,lle
1190 5236 1297 5290 risione
1322 5238 1385 5303 hac,
1407 5237 1436 5292 S.
1461 5239 1585 5308 Hugoni,
1604 5239 1814 5310 Gratianopoli-

1004 5309 1073 5363 tano
1087 5309 1232 5379 episcopo,
1251 5309 1358 5371 obtata,
1386 5310 1596 5380 adjunctisque,
1617 5311 1719 5381 quihus
1732 5312 1779 5366 hic
1795 5329 1812 5366 a

1004 5377 1087 5433 Surio
1104 5379 1235 5449 binisque
1250 5396 1317 5433 eum
1341 5381 1507 5450 [trangressis
1525 5381 1617 5435 sancti
1636 5382 1725 5436 nostri
1751 5382 1813 5437 bio-

145 5438 178 5495 in
192 5457 323 5524 eremum
339 5446 453 5527 pulsum
477 5447 573 5516 tuisse,
588 5453 667 5504 recta
683 5466 754 5515 sese,
779 5449 818 5503 uti
833 5449 878 5503 hie
893 5449 953 5506 bio·
1001 5450 1129 5520 graphis,
1146 5451 1274 5505 Puteano
1287 5450 1420 5505 videlicet
1434 5455 1464 5505 et
1480 5453 1705 5519 Btomenrenoa,
1726 5467 1811 5508 orna·

144 5511 274 5591 graphas
286 5516 413 5596 radicare
428 5516 550 5586 ridetur,
572 5521 609 5574 ad
624 5520 787 5602 Hugonem,
804 5519 951 5602 Gratiano-
1000 5522 1057 5587 tur,
1068 5520 1171 5576 videsis
1190 5520 1401 5577 Commentarii
1413 5522 1511 5594 prraeii
1524 5540 1607 5579 num.
1628 5526 1680 5581 42³
1702 5525 1732 5579 et
1755 5524 1807 5581 ali-

140 5580 309 5670 pohtanum
331 5602 509 5666 episcopum,
534 5606 601 5647 cum
623 5607 709 5648 socna
733 5591 947 5664 contuentia
998 5594 1071 5665 quot
1083 5607 1164 5667 seqq.
