<?xml version="1.0" encoding="UTF-8"?>
<!DOCTYPE html PUBLIC "-//W3C//DTD XHTML 1.0 Transitional//EN"
    "http://www.w3.org/TR/xhtml1/DTD/xhtml1-transitional.dtd">
<html xmlns="http://www.w3.org/1999/xhtml" xml:lang="en" lang="en">
 <head>
  <title>
</title>
<meta http-equiv="Content-Type" content="text/html;charset=utf-8" />
  <meta name='ocr-system' content='tesseract 3.04.00' />
  <meta name='ocr-capabilities' content='ocr_page ocr_carea ocr_par ocr_line ocrx_word'/>
</head>
<body>
  <div class='ocr_page' id='page_1' title='image "./patrologiaecurs30unkngoog/patrologiaecurs30unkngoog_0024.png"; bbox 0 0 3772 5976; ppageno 0'>
   <div class='ocr_carea' id='block_1_1' title="bbox 104 240 1772 312">
    <p class='ocr_par' dir='ltr' id='par_1_1' title="bbox 104 240 1772 312">
     <span class='ocr_line' id='line_1_1' title="bbox 104 240 1772 312; baseline 0.002 -4"><span class='ocrx_word' id='word_1_1' title='bbox 104 249 138 309; x_wconf 79' lang='grc' dir='ltr'>ιι</span> <span class='ocrx_word' id='word_1_2' title='bbox 900 240 990 298; x_wconf 73' lang='lat' dir='ltr'>ACTA</span> <span class='ocrx_word' id='word_1_3' title='bbox 1739 255 1772 312; x_wconf 78' lang='lat' dir='ltr'>aa</span> 
     </span>
    </p>
   </div>
   <div class='ocr_carea' id='block_1_2' title="bbox 106 367 1771 447">
    <p class='ocr_par' dir='ltr' id='par_1_2' title="bbox 106 367 1771 447">
     <span class='ocr_line' id='line_1_2' title="bbox 106 367 1771 447; baseline 0.004 -17"><span class='ocrx_word' id='word_1_4' title='bbox 106 372 165 442; x_wconf 89' lang='lat' dir='ltr'>nio,</span> <span class='ocrx_word' id='word_1_5' title='bbox 181 368 230 447; x_wconf 84' lang='lat' dir='ltr'>qui</span> <span class='ocrx_word' id='word_1_6' title='bbox 242 371 420 442; x_wconf 88' lang='lat' dir='ltr'>Brunouem,</span> <span class='ocrx_word' id='word_1_7' title='bbox 433 370 589 444; x_wconf 85' lang='lat' dir='ltr'>antequam</span> <span class='ocrx_word' id='word_1_8' title='bbox 602 370 706 427; x_wconf 81' lang='lat' dir='ltr'>Gallias</span> <span class='ocrx_word' id='word_1_9' title='bbox 722 368 824 436; x_wconf 89' lang='lat' dir='ltr'>adiret,</span> <span class='ocrx_word' id='word_1_10' title='bbox 834 368 916 424; x_wconf 83' lang='lat' dir='ltr'>Colo·</span> <span class='ocrx_word' id='word_1_11' title='bbox 928 372 955 431; x_wconf 83' lang='grc' dir='ltr'><strong>Α</strong></span> <span class='ocrx_word' id='word_1_12' title='bbox 965 367 1094 425; x_wconf 88' lang='lat' dir='ltr'>berrima</span> <span class='ocrx_word' id='word_1_13' title='bbox 1108 371 1176 425; x_wconf 92' lang='lat' dir='ltr'>tunc</span> <span class='ocrx_word' id='word_1_14' title='bbox 1201 370 1335 428; x_wconf 81' lang='lat' dir='ltr'>ilamensi</span> <span class='ocrx_word' id='word_1_15' title='bbox 1350 374 1448 429; x_wconf 88' lang='lat' dir='ltr'>schola</span> <span class='ocrx_word' id='word_1_16' title='bbox 1468 374 1586 444; x_wconf 79' lang='lat' dir='ltr'>addixit,</span> <span class='ocrx_word' id='word_1_17' title='bbox 1612 379 1643 432; x_wconf 95' lang='lat' dir='ltr'>ut</span> <span class='ocrx_word' id='word_1_18' title='bbox 1666 375 1727 434; x_wconf 85' lang='lat' dir='ltr'>aliis</span> <span class='ocrx_word' id='word_1_19' title='bbox 1741 379 1771 436; x_wconf 93' lang='lat' dir='ltr'>in</span> 
     </span>
    </p>
   </div>
   <div class='ocr_carea' id='block_1_3' title="bbox 58 461 920 1599">
    <p class='ocr_par' dir='ltr' id='par_1_3' title="bbox 58 461 916 1148">
     <span class='ocr_line' id='line_1_3' title="bbox 107 461 916 534; baseline -0.007 -16"><span class='ocrx_word' id='word_1_20' title='bbox 107 465 160 518; x_wconf 74' lang='lat' dir='ltr'>niae</span> <span class='ocrx_word' id='word_1_21' title='bbox 175 463 205 517; x_wconf 93' lang='lat' dir='ltr'>in</span> <span class='ocrx_word' id='word_1_22' title='bbox 222 462 373 534; x_wconf 72' lang='lat' dir='ltr'>collegiata</span> <span class='ocrx_word' id='word_1_23' title='bbox 392 462 421 517; x_wconf 85' lang='lat' dir='ltr'>S.</span> <span class='ocrx_word' id='word_1_24' title='bbox 439 462 586 518; x_wconf 88' lang='lat' dir='ltr'>Cuniberti</span> <span class='ocrx_word' id='word_1_25' title='bbox 605 462 723 518; x_wconf 88' lang='lat' dir='ltr'>eeclesia</span> <span class='ocrx_word' id='word_1_26' title='bbox 744 461 916 515; x_wconf 86' lang='lat' dir='ltr'>canonicum</span> 
     </span>
     <span class='ocr_line' id='line_1_4' title="bbox 58 548 915 621; baseline -0.006 -16"><span class='ocrx_word' id='word_1_27' title='bbox 58 612 62 616; x_wconf 49' lang='grc'><em>,</em></span> <span class='ocrx_word' id='word_1_28' title='bbox 107 550 426 615; x_wconf 85' lang='lat' dir='ltr'>exstitisse,autumant,</span> <span class='ocrx_word' id='word_1_29' title='bbox 443 566 501 604; x_wconf 92' lang='lat' dir='ltr'>non</span> <span class='ocrx_word' id='word_1_30' title='bbox 519 550 639 604; x_wconf 89' lang='lat' dir='ltr'>omnino</span> <span class='ocrx_word' id='word_1_31' title='bbox 656 548 853 621; x_wconf 84' lang='lat' dir='ltr'>improbabilis</span> <span class='ocrx_word' id='word_1_32' title='bbox 865 562 915 618; x_wconf 85' lang='lat' dir='ltr'>ap·</span> 
     </span>
     <span class='ocr_line' id='line_1_5' title="bbox 106 636 915 709; baseline -0.001 -17"><span class='ocrx_word' id='word_1_33' title='bbox 106 640 197 709; x_wconf 88' lang='lat' dir='ltr'>paret,</span> <span class='ocrx_word' id='word_1_34' title='bbox 212 654 246 691; x_wconf 88' lang='lat' dir='ltr'>ue</span> <span class='ocrx_word' id='word_1_35' title='bbox 255 637 340 708; x_wconf 88' lang='lat' dir='ltr'>proin</span> <span class='ocrx_word' id='word_1_36' title='bbox 352 637 480 691; x_wconf 76' lang='lat' dir='ltr'>ilistorias</span> <span class='ocrx_word' id='word_1_37' title='bbox 491 637 638 692; x_wconf 75' lang='lat' dir='ltr'>litterariae</span> <span class='ocrx_word' id='word_1_38' title='bbox 654 637 780 692; x_wconf 82' lang='lat' dir='ltr'>Franeiee</span> <span class='ocrx_word' id='word_1_39' title='bbox 795 636 915 707; x_wconf 84' lang='lat' dir='ltr'>scripto·</span> 
     </span>
     <span class='ocr_line' id='line_1_6' title="bbox 106 725 915 796; baseline 0 -18"><span class='ocrx_word' id='word_1_40' title='bbox 106 742 160 792; x_wconf 87' lang='lat' dir='ltr'>res,</span> <span class='ocrx_word' id='word_1_41' title='bbox 175 725 246 778; x_wconf 93' lang='lat' dir='ltr'>dum</span> <span class='ocrx_word' id='word_1_42' title='bbox 269 729 414 790; x_wconf 83' lang='lat' dir='ltr'>sanctum,</span> <span class='ocrx_word' id='word_1_43' title='bbox 431 729 587 796; x_wconf 79' lang='lat' dir='ltr'><strong>antequam</strong></span> <span class='ocrx_word' id='word_1_44' title='bbox 613 725 718 779; x_wconf 86' lang='lat' dir='ltr'>Gallias</span> <span class='ocrx_word' id='word_1_45' title='bbox 738 726 860 795; x_wconf 90' lang='lat' dir='ltr'>peteret,</span> <span class='ocrx_word' id='word_1_46' title='bbox 886 727 915 778; x_wconf 88' lang='lat' dir='ltr'>et</span> 
     </span>
     <span class='ocr_line' id='line_1_7' title="bbox 106 811 914 878; baseline -0.002 -12"><span class='ocrx_word' id='word_1_47' title='bbox 106 812 238 866; x_wconf 71' lang='lat' dir='ltr'>Ecclesiae</span> <span class='ocrx_word' id='word_1_48' title='bbox 254 811 448 866; x_wconf 82' lang='lat' dir='ltr'>Cunibertinae</span> <span class='ocrx_word' id='word_1_49' title='bbox 461 811 632 865; x_wconf 89' lang='lat' dir='ltr'>canonicum</span> <span class='ocrx_word' id='word_1_50' title='bbox 648 811 767 878; x_wconf 81' lang='lat' dir='ltr'>iaciunt,</span> <span class='ocrx_word' id='word_1_51' title='bbox 781 812 848 865; x_wconf 89' lang='lat' dir='ltr'>etin</span> <span class='ocrx_word' id='word_1_52' title='bbox 861 811 914 864; x_wconf 91' lang='lat' dir='ltr'>hac</span> 
     </span>
     <span class='ocr_line' id='line_1_8' title="bbox 106 899 915 966; baseline -0.005 -11"><span class='ocrx_word' id='word_1_53' title='bbox 106 900 192 955; x_wconf 85' lang='lat' dir='ltr'>inisse</span> <span class='ocrx_word' id='word_1_54' title='bbox 205 900 372 965; x_wconf 88' lang='lat' dir='ltr'>educatum,</span> <span class='ocrx_word' id='word_1_55' title='bbox 395 899 554 966; x_wconf 82' lang='lat' dir='ltr'>affirmant,</span> <span class='ocrx_word' id='word_1_56' title='bbox 578 900 683 954; x_wconf 88' lang='lat' dir='ltr'>erroris</span> <span class='ocrx_word' id='word_1_57' title='bbox 698 899 851 955; x_wconf 76' lang='lat' dir='ltr'>indubitati</span> <span class='ocrx_word' id='word_1_58' title='bbox 871 914 915 952; x_wconf 87' lang='lat' dir='ltr'>ar-</span> 
     </span>
     <span class='ocr_line' id='line_1_9' title="bbox 106 987 916 1061; baseline -0.001 -18"><span class='ocrx_word' id='word_1_59' title='bbox 106 987 263 1061; x_wconf 65' lang='lat' dir='ltr'>gneratnon</span> <span class='ocrx_word' id='word_1_60' title='bbox 270 989 374 1055; x_wconf 90' lang='lat' dir='ltr'>ausim,</span> <span class='ocrx_word' id='word_1_61' title='bbox 384 989 451 1042; x_wconf 93' lang='lat' dir='ltr'>licet</span> <span class='ocrx_word' id='word_1_62' title='bbox 461 988 761 1043; x_wconf 86' lang='lat' dir='ltr'>interimcontrarium</span> <span class='ocrx_word' id='word_1_63' title='bbox 773 988 916 1043; x_wconf 71' lang='lat' dir='ltr'>aestiman-</span> 
     </span>
     <span class='ocr_line' id='line_1_10' title="bbox 108 1075 648 1148; baseline -0.002 -16"><span class='ocrx_word' id='word_1_64' title='bbox 108 1077 179 1132; x_wconf 90' lang='lat' dir='ltr'>tium</span> <span class='ocrx_word' id='word_1_65' title='bbox 192 1075 293 1146; x_wconf 91' lang='lat' dir='ltr'>opinio</span> <span class='ocrx_word' id='word_1_66' title='bbox 309 1076 492 1147; x_wconf 80' lang='lat' dir='ltr'>probabilior</span> <span class='ocrx_word' id='word_1_67' title='bbox 501 1080 648 1148; x_wconf 87' lang='lat' dir='ltr'>appareat.</span> 
     </span>
    </p>

    <p class='ocr_par' dir='ltr' id='par_1_4' title="bbox 107 1171 920 1599">
     <span class='ocr_line' id='line_1_11' title="bbox 141 1171 917 1244; baseline 0 -17"><span class='ocrx_word' id='word_1_68' title='bbox 141 1175 186 1227; x_wconf 68' lang='lat'>54.</span> <span class='ocrx_word' id='word_1_69' title='bbox 203 1173 238 1226; x_wconf 86' lang='lat' dir='ltr'>Et</span> <span class='ocrx_word' id='word_1_70' title='bbox 252 1173 314 1226; x_wconf 81' lang='lat' dir='ltr'>haee</span> <span class='ocrx_word' id='word_1_71' title='bbox 327 1171 445 1244; x_wconf 86' lang='lat' dir='ltr'>quidem</span> <span class='ocrx_word' id='word_1_72' title='bbox 462 1172 638 1242; x_wconf 78' lang='lat' dir='ltr'>probabilior</span> <span class='ocrx_word' id='word_1_73' title='bbox 654 1175 744 1228; x_wconf 90' lang='lat' dir='ltr'>multo</span> <span class='ocrx_word' id='word_1_74' title='bbox 760 1173 824 1240; x_wconf 89' lang='lat' dir='ltr'>erit,</span> <span class='ocrx_word' id='word_1_75' title='bbox 841 1172 863 1226; x_wconf 91' lang='lat' dir='ltr'>si</span> <span class='ocrx_word' id='word_1_76' title='bbox 880 1172 917 1227; x_wconf 84' lang='lat' dir='ltr'>ad</span> 
     </span>
     <span class='ocr_line' id='line_1_12' title="bbox 107 1259 917 1328; baseline 0 -13"><span class='ocrx_word' id='word_1_77' title='bbox 107 1260 146 1328; x_wconf 94' lang='lat' dir='ltr'>id,</span> <span class='ocrx_word' id='word_1_78' title='bbox 158 1264 190 1315; x_wconf 90' lang='lat' dir='ltr'>ut</span> <span class='ocrx_word' id='word_1_79' title='bbox 199 1260 322 1315; x_wconf 86' lang='lat' dir='ltr'>Sanetus</span> <span class='ocrx_word' id='word_1_80' title='bbox 335 1260 464 1315; x_wconf 76' lang='lat' dir='ltr'>Ecclesiae</span> <span class='ocrx_word' id='word_1_81' title='bbox 478 1259 671 1316; x_wconf 79' lang='lat' dir='ltr'>Cunibertinae</span> <span class='ocrx_word' id='word_1_82' title='bbox 687 1262 840 1317; x_wconf 85' lang='lat' dir='ltr'>eanonicus</span> <span class='ocrx_word' id='word_1_83' title='bbox 856 1278 917 1316; x_wconf 86' lang='lat' dir='ltr'>esse</span> 
     </span>
     <span class='ocr_line' id='line_1_13' title="bbox 107 1348 918 1422; baseline -0.001 -18"><span class='ocrx_word' id='word_1_84' title='bbox 107 1349 247 1421; x_wconf 86' lang='lat' dir='ltr'>potuerit,</span> <span class='ocrx_word' id='word_1_85' title='bbox 259 1348 422 1420; x_wconf 81' lang='lat' dir='ltr'>provectior</span> <span class='ocrx_word' id='word_1_86' title='bbox 431 1348 518 1404; x_wconf 90' lang='lat' dir='ltr'>luerit</span> <span class='ocrx_word' id='word_1_87' title='bbox 533 1365 621 1421; x_wconf 82' lang='lat' dir='ltr'>quam</span> <span class='ocrx_word' id='word_1_88' title='bbox 637 1351 855 1422; x_wconf 88' lang='lat' dir='ltr'>quatuordecim</span> <span class='ocrx_word' id='word_1_89' title='bbox 869 1352 918 1403; x_wconf 91' lang='lat' dir='ltr'>aut</span> 
     </span>
     <span class='ocr_line' id='line_1_14' title="bbox 107 1437 917 1510; baseline 0.002 -18"><span class='ocrx_word' id='word_1_90' title='bbox 107 1437 276 1508; x_wconf 81' lang='lat' dir='ltr'>quindecim</span> <span class='ocrx_word' id='word_1_91' title='bbox 291 1453 435 1492; x_wconf 89' lang='lat' dir='ltr'>annorum</span> <span class='ocrx_word' id='word_1_92' title='bbox 448 1441 517 1492; x_wconf 85' lang='lat' dir='ltr'>aetas</span> <span class='ocrx_word' id='word_1_93' title='bbox 530 1437 678 1510; x_wconf 84' lang='lat' dir='ltr'>requisita.</span> <span class='ocrx_word' id='word_1_94' title='bbox 692 1439 812 1494; x_wconf 89' lang='lat' dir='ltr'>Sanetus</span> <span class='ocrx_word' id='word_1_95' title='bbox 826 1441 917 1507; x_wconf 89' lang='lat' dir='ltr'>enirn,</span> 
     </span>
     <span class='ocr_line' id='line_1_15' title="bbox 108 1525 920 1599; baseline 0.005 -20"><span class='ocrx_word' id='word_1_96' title='bbox 108 1542 176 1580; x_wconf 91' lang='lat' dir='ltr'>cum</span> <span class='ocrx_word' id='word_1_97' title='bbox 192 1525 224 1579; x_wconf 92' lang='lat' dir='ltr'>id</span> <span class='ocrx_word' id='word_1_98' title='bbox 238 1525 353 1580; x_wconf 89' lang='lat' dir='ltr'>circiter</span> <span class='ocrx_word' id='word_1_99' title='bbox 366 1526 458 1580; x_wconf 85' lang='lat' dir='ltr'>aetatis</span> <span class='ocrx_word' id='word_1_100' title='bbox 479 1528 562 1592; x_wconf 89' lang='lat' dir='ltr'>esset,</span> <span class='ocrx_word' id='word_1_101' title='bbox 578 1530 628 1581; x_wconf 89' lang='lat' dir='ltr'>aut</span> <span class='ocrx_word' id='word_1_102' title='bbox 642 1527 735 1582; x_wconf 88' lang='lat' dir='ltr'>adbuc</span> <span class='ocrx_word' id='word_1_103' title='bbox 742 1529 851 1599; x_wconf 89' lang='lat' dir='ltr'>junior,</span> <span class='ocrx_word' id='word_1_104' title='bbox 869 1529 920 1584; x_wconf 90' lang='lat' dir='ltr'>Co·</span> 
     </span>
    </p>
   </div>
   <div class='ocr_carea' id='block_1_4' title="bbox 963 458 1775 1587">
    <p class='ocr_par' dir='ltr' id='par_1_5' title="bbox 963 458 1775 1587">
     <span class='ocr_line' id='line_1_16' title="bbox 965 458 1772 531; baseline 0.015 -21"><span class='ocrx_word' id='word_1_105' title='bbox 965 458 1129 529; x_wconf 88' lang='lat' dir='ltr'>exemplum</span> <span class='ocrx_word' id='word_1_106' title='bbox 1149 465 1368 531; x_wconf 81' lang='lat' dir='ltr'>proponeretur.</span> <span class='ocrx_word' id='word_1_107' title='bbox 1392 463 1434 516; x_wconf 91' lang='lat' dir='ltr'>lta</span> <span class='ocrx_word' id='word_1_108' title='bbox 1449 478 1481 515; x_wconf 87' lang='lat' dir='ltr'>ex</span> <span class='ocrx_word' id='word_1_109' title='bbox 1503 463 1614 529; x_wconf 91' lang='lat' dir='ltr'>ultimo,</span> <span class='ocrx_word' id='word_1_110' title='bbox 1632 482 1647 518; x_wconf 89' lang='lat' dir='ltr'>e</span> <span class='ocrx_word' id='word_1_111' title='bbox 1662 466 1772 522; x_wconf 90' lang='lat' dir='ltr'>duobus</span> 
     </span>
     <span class='ocr_line' id='line_1_17' title="bbox 964 545 1772 625; baseline 0.015 -28"><span class='ocrx_word' id='word_1_112' title='bbox 964 545 1095 614; x_wconf 87' lang='lat' dir='ltr'>proxime</span> <span class='ocrx_word' id='word_1_113' title='bbox 1116 547 1170 601; x_wconf 92' lang='lat' dir='ltr'>hue</span> <span class='ocrx_word' id='word_1_114' title='bbox 1188 549 1365 620; x_wconf 77' lang='lat' dir='ltr'>transcriptis</span> <span class='ocrx_word' id='word_1_115' title='bbox 1380 549 1510 616; x_wconf 88' lang='lat' dir='ltr'>Baldrici,</span> <span class='ocrx_word' id='word_1_116' title='bbox 1532 551 1642 604; x_wconf 87' lang='lat' dir='ltr'>abbatis</span> <span class='ocrx_word' id='word_1_117' title='bbox 1664 553 1772 625; x_wconf 83' lang='lat' dir='ltr'>Bnrgu·</span> 
     </span>
     <span class='ocr_line' id='line_1_18' title="bbox 964 628 1771 706; baseline 0.017 -24"><span class='ocrx_word' id='word_1_118' title='bbox 964 628 1070 698; x_wconf 90' lang='lat' dir='ltr'>liensis,</span> <span class='ocrx_word' id='word_1_119' title='bbox 1094 635 1235 688; x_wconf 81' lang='lat' dir='ltr'>versieulis</span> <span class='ocrx_word' id='word_1_120' title='bbox 1255 637 1450 706; x_wconf 79' lang='lat' dir='ltr'>colligendum</span> <span class='ocrx_word' id='word_1_121' title='bbox 1475 636 1608 692; x_wconf 88' lang='lat' dir='ltr'>videtur:</span> <span class='ocrx_word' id='word_1_122' title='bbox 1637 661 1651 688; x_wconf 82' lang='grc' dir='ltr'>ιι</span> <span class='ocrx_word' id='word_1_123' title='bbox 1678 641 1771 696; x_wconf 86' lang='grc' dir='ltr'>Βιιιιιο</span> 
     </span>
     <span class='ocr_line' id='line_1_19' title="bbox 965 718 1772 799; baseline 0.016 -28"><span class='ocrx_word' id='word_1_124' title='bbox 965 718 1132 775; x_wconf 87' lang='lat' dir='ltr'>Latinorum</span> <span class='ocrx_word' id='word_1_125' title='bbox 1141 725 1209 776; x_wconf 90' lang='lat' dir='ltr'>tunc</span> <span class='ocrx_word' id='word_1_126' title='bbox 1218 723 1304 778; x_wconf 90' lang='lat' dir='ltr'>studii</span> <span class='ocrx_word' id='word_1_127' title='bbox 1315 724 1474 795; x_wconf 82' lang='lat' dir='ltr'>speculum.</span> <span class='ocrx_word' id='word_1_128' title='bbox 1487 746 1500 772; x_wconf 75' lang='lat' dir='ltr'>n</span> <span class='ocrx_word' id='word_1_129' title='bbox 1510 725 1619 780; x_wconf 77' lang='lat' dir='ltr'>Adhaec</span> <span class='ocrx_word' id='word_1_130' title='bbox 1631 732 1772 799; x_wconf 89' lang='lat' dir='ltr'>quantum</span> 
     </span>
     <span class='ocr_line' id='line_1_20' title="bbox 965 804 1773 886; baseline 0.016 -27"><span class='ocrx_word' id='word_1_131' title='bbox 965 804 1084 861; x_wconf 89' lang='lat' dir='ltr'>Sanctus</span> <span class='ocrx_word' id='word_1_132' title='bbox 1095 810 1268 863; x_wconf 85' lang='lat' dir='ltr'>nominatim</span> <span class='ocrx_word' id='word_1_133' title='bbox 1279 811 1309 864; x_wconf 96' lang='lat' dir='ltr'>in</span> <span class='ocrx_word' id='word_1_134' title='bbox 1322 811 1433 880; x_wconf 85' lang='lat' dir='ltr'>poetica</span> <span class='ocrx_word' id='word_1_135' title='bbox 1442 810 1576 866; x_wconf 82' lang='lat' dir='ltr'>facultate</span> <span class='ocrx_word' id='word_1_136' title='bbox 1587 829 1773 886; x_wconf 82' lang='lat' dir='ltr'>progressum</span> 
     </span>
     <span class='ocr_line' id='line_1_21' title="bbox 963 887 1774 978; baseline 0.025 -34"><span class='ocrx_word' id='word_1_137' title='bbox 963 887 1258 963; x_wconf 82' lang='lat' dir='ltr'>feeerit,sultlcienter</span> <span class='ocrx_word' id='word_1_138' title='bbox 1266 899 1393 954; x_wconf 91' lang='lat' dir='ltr'>ostendit</span> <span class='ocrx_word' id='word_1_139' title='bbox 1405 901 1447 954; x_wconf 92' lang='lat' dir='ltr'>vel</span> <span class='ocrx_word' id='word_1_140' title='bbox 1456 902 1548 955; x_wconf 87' lang='lat' dir='ltr'>solum</span> <span class='ocrx_word' id='word_1_141' title='bbox 1562 902 1598 956; x_wconf 89' lang='lat' dir='ltr'>ab</span> <span class='ocrx_word' id='word_1_142' title='bbox 1610 919 1643 957; x_wconf 93' lang='lat' dir='ltr'>eu</span> <span class='ocrx_word' id='word_1_143' title='bbox 1657 921 1774 978; x_wconf 83' lang='lat' dir='ltr'>compo·</span> 
     </span>
     <span class='ocr_line' id='line_1_22' title="bbox 964 981 1772 1058; baseline 0.017 -22"><span class='ocrx_word' id='word_1_144' title='bbox 964 981 1051 1037; x_wconf 87' lang='lat' dir='ltr'>situm</span> <span class='ocrx_word' id='word_1_145' title='bbox 1061 987 1146 1056; x_wconf 90' lang='lat' dir='ltr'>atque</span> <span class='ocrx_word' id='word_1_146' title='bbox 1159 990 1219 1040; x_wconf 91' lang='lat' dir='ltr'>tum</span> <span class='ocrx_word' id='word_1_147' title='bbox 1233 986 1300 1041; x_wconf 87' lang='lat' dir='ltr'>alibi</span> <span class='ocrx_word' id='word_1_148' title='bbox 1314 988 1425 1058; x_wconf 75' lang='lat' dir='ltr'>saepius,</span> <span class='ocrx_word' id='word_1_149' title='bbox 1439 991 1499 1042; x_wconf 90' lang='lat' dir='ltr'>tum</span> <span class='ocrx_word' id='word_1_150' title='bbox 1518 989 1628 1044; x_wconf 82' lang='lat' dir='ltr'>Parisiis</span> <span class='ocrx_word' id='word_1_151' title='bbox 1642 994 1772 1051; x_wconf 86' lang='lat' dir='ltr'>aludoeo</span> 
     </span>
     <span class='ocr_line' id='line_1_23' title="bbox 967 1068 1773 1147; baseline 0.021 -24"><span class='ocrx_word' id='word_1_152' title='bbox 967 1068 1052 1125; x_wconf 80' lang='lat' dir='ltr'>Radio</span> <span class='ocrx_word' id='word_1_153' title='bbox 1068 1088 1134 1126; x_wconf 89' lang='lat' dir='ltr'>cum</span> <span class='ocrx_word' id='word_1_154' title='bbox 1153 1073 1262 1127; x_wconf 73' lang='lat' dir='ltr'>cintoria</span> <span class='ocrx_word' id='word_1_155' title='bbox 1274 1073 1364 1128; x_wconf 87' lang='lat' dir='ltr'>saneti</span> <span class='ocrx_word' id='word_1_156' title='bbox 1379 1075 1435 1129; x_wconf 91' lang='lat' dir='ltr'>Viri</span> <span class='ocrx_word' id='word_1_157' title='bbox 1459 1076 1598 1147; x_wconf 80' lang='lat' dir='ltr'>Operibus</span> <span class='ocrx_word' id='word_1_158' title='bbox 1612 1095 1689 1134; x_wconf 91' lang='lat' dir='ltr'>annu</span> <span class='ocrx_word' id='word_1_159' title='bbox 1705 1085 1773 1140; x_wconf 76' lang='lat'>1524</span> 
     </span>
     <span class='ocr_line' id='line_1_24' title="bbox 966 1161 1772 1244; baseline 0.02 -33"><span class='ocrx_word' id='word_1_160' title='bbox 966 1173 1100 1214; x_wconf 87' lang='lat' dir='ltr'>excusum</span> <span class='ocrx_word' id='word_1_161' title='bbox 1115 1161 1324 1216; x_wconf 81' lang='lat' dir='ltr'>Paraeneticum</span> <span class='ocrx_word' id='word_1_162' title='bbox 1341 1162 1509 1219; x_wconf 88' lang='lat' dir='ltr'>adcoelestia</span> <span class='ocrx_word' id='word_1_163' title='bbox 1519 1169 1696 1238; x_wconf 89' lang='lat' dir='ltr'>capessenda</span> <span class='ocrx_word' id='word_1_164' title='bbox 1708 1171 1772 1244; x_wconf 78' lang='lat' dir='ltr'>lipi-</span> 
     </span>
     <span class='ocr_line' id='line_1_25' title="bbox 967 1251 1772 1322; baseline 0.019 -22"><span class='ocrx_word' id='word_1_165' title='bbox 967 1262 1111 1318; x_wconf 80' lang='lat' dir='ltr'>gramma,</span> <span class='ocrx_word' id='word_1_166' title='bbox 1129 1255 1227 1322; x_wconf 89' lang='lat' dir='ltr'>utpote</span> <span class='ocrx_word' id='word_1_167' title='bbox 1243 1251 1273 1305; x_wconf 93' lang='lat' dir='ltr'>in</span> <span class='ocrx_word' id='word_1_168' title='bbox 1289 1251 1369 1321; x_wconf 83' lang='lat' dir='ltr'>cujus</span> <span class='ocrx_word' id='word_1_169' title='bbox 1382 1253 1520 1321; x_wconf 89' lang='lat' dir='ltr'>versibus,</span> <span class='ocrx_word' id='word_1_170' title='bbox 1535 1257 1567 1308; x_wconf 91' lang='lat' dir='ltr'>ut</span> <span class='ocrx_word' id='word_1_171' title='bbox 1581 1259 1612 1309; x_wconf 89' lang='lat' dir='ltr'>nt</span> <span class='ocrx_word' id='word_1_172' title='bbox 1629 1258 1666 1311; x_wconf 87' lang='lat' dir='ltr'>ad</span> <span class='ocrx_word' id='word_1_173' title='bbox 1679 1262 1772 1316; x_wconf 88' lang='lat' dir='ltr'>artem</span> 
     </span>
     <span class='ocr_line' id='line_1_26' title="bbox 968 1336 1774 1417; baseline 0.016 -28"><span class='ocrx_word' id='word_1_174' title='bbox 968 1336 1088 1392; x_wconf 89' lang='lat' dir='ltr'>omnino</span> <span class='ocrx_word' id='word_1_175' title='bbox 1104 1354 1163 1393; x_wconf 88' lang='lat' dir='ltr'>non</span> <span class='ocrx_word' id='word_1_176' title='bbox 1179 1339 1294 1402; x_wconf 79' lang='lat' dir='ltr'>exactis,</span> <span class='ocrx_word' id='word_1_177' title='bbox 1307 1357 1341 1394; x_wconf 89' lang='lat' dir='ltr'>ea</span> <span class='ocrx_word' id='word_1_178' title='bbox 1371 1344 1468 1395; x_wconf 89' lang='lat' dir='ltr'>tamen</span> <span class='ocrx_word' id='word_1_179' title='bbox 1484 1359 1571 1413; x_wconf 87' lang='lat' dir='ltr'>quam</span> <span class='ocrx_word' id='word_1_180' title='bbox 1583 1343 1612 1396; x_wconf 91' lang='lat' dir='ltr'>in</span> <span class='ocrx_word' id='word_1_181' title='bbox 1629 1345 1689 1400; x_wconf 91' lang='lat' dir='ltr'>aliis</span> <span class='ocrx_word' id='word_1_182' title='bbox 1699 1362 1774 1417; x_wconf 91' lang='lat' dir='ltr'>pene</span> 
     </span>
     <span class='ocr_line' id='line_1_27' title="bbox 969 1425 1775 1501; baseline 0.015 -22"><span class='ocrx_word' id='word_1_183' title='bbox 969 1425 1343 1497; x_wconf 80' lang='lat' dir='ltr'>omnibuspoetissrrculixr,</span> <span class='ocrx_word' id='word_1_184' title='bbox 1355 1445 1412 1500; x_wconf 87' lang='lat' dir='ltr'>quo</span> <span class='ocrx_word' id='word_1_185' title='bbox 1423 1428 1543 1484; x_wconf 88' lang='lat' dir='ltr'>Sanetus</span> <span class='ocrx_word' id='word_1_186' title='bbox 1553 1430 1660 1501; x_wconf 87' lang='lat' dir='ltr'>floruit,</span> <span class='ocrx_word' id='word_1_187' title='bbox 1667 1434 1775 1493; x_wconf 86' lang='lat' dir='ltr'>frustra</span> 
     </span>
     <span class='ocr_line' id='line_1_28' title="bbox 969 1517 1737 1587; baseline 0.017 -22"><span class='ocrx_word' id='word_1_188' title='bbox 969 1528 1091 1583; x_wconf 72' lang='lat' dir='ltr'>quaeras,</span> <span class='ocrx_word' id='word_1_189' title='bbox 1107 1518 1135 1568; x_wconf 90' lang='lat' dir='ltr'>et</span> <span class='ocrx_word' id='word_1_190' title='bbox 1149 1520 1282 1570; x_wconf 86' lang='lat' dir='ltr'>venustas</span> <span class='ocrx_word' id='word_1_191' title='bbox 1299 1518 1328 1569; x_wconf 91' lang='lat' dir='ltr'>et</span> <span class='ocrx_word' id='word_1_192' title='bbox 1344 1517 1489 1587; x_wconf 83' lang='lat' dir='ltr'>elegantia</span> <span class='ocrx_word' id='word_1_193' title='bbox 1503 1519 1622 1575; x_wconf 82' lang='lat' dir='ltr'>mirifice</span> <span class='ocrx_word' id='word_1_194' title='bbox 1635 1523 1737 1578; x_wconf 82' lang='lat' dir='ltr'>elucet.</span> 
     </span>
    </p>
   </div>
   <div class='ocr_carea' id='block_1_5' title="bbox 108 1601 1771 1774">
    <p class='ocr_par' dir='ltr' id='par_1_6' title="bbox 108 1601 1771 1774">
     <span class='ocr_line' id='line_1_29' title="bbox 109 1601 1771 1689; baseline 0.004 -22"><span class='ocrx_word' id='word_1_195' title='bbox 109 1614 187 1668; x_wconf 92' lang='lat' dir='ltr'>lunia</span> <span class='ocrx_word' id='word_1_196' title='bbox 198 1613 229 1667; x_wconf 91' lang='lat' dir='ltr'>in</span> <span class='ocrx_word' id='word_1_197' title='bbox 240 1613 362 1668; x_wconf 85' lang='lat' dir='ltr'>Galliam</span> <span class='ocrx_word' id='word_1_198' title='bbox 372 1615 481 1669; x_wconf 83' lang='lat' dir='ltr'>litteras</span> <span class='ocrx_word' id='word_1_199' title='bbox 492 1614 618 1670; x_wconf 77' lang='lat' dir='ltr'>discendi</span> <span class='ocrx_word' id='word_1_200' title='bbox 629 1632 698 1688; x_wconf 79' lang='lat' dir='ltr'>ergo</span> <span class='ocrx_word' id='word_1_201' title='bbox 711 1617 919 1689; x_wconf 86' lang='lat' dir='ltr'>prolectusjam</span> <span class='ocrx_word' id='word_1_202' title='bbox 1004 1601 1048 1652; x_wconf 72' lang='lat'>56·</span> <span class='ocrx_word' id='word_1_203' title='bbox 1061 1601 1209 1673; x_wconf 59' lang='grc'>00080000</span> <span class='ocrx_word' id='word_1_204' title='bbox 1224 1602 1252 1656; x_wconf 66' lang='lat' dir='ltr'>id</span> <span class='ocrx_word' id='word_1_205' title='bbox 1268 1603 1432 1673; x_wconf 65' lang='lat' dir='ltr'>⁵Pf³⁰lmi¹¹is</span> <span class='ocrx_word' id='word_1_206' title='bbox 1447 1605 1509 1660; x_wconf 77' lang='lat'>¹⁰⁰0</span> <span class='ocrx_word' id='word_1_207' title='bbox 1530 1607 1585 1661; x_wconf 73' lang='grc'>000</span> <span class='ocrx_word' id='word_1_208' title='bbox 1601 1611 1771 1669; x_wconf 63' lang='lat' dir='ltr'>transcribu-</span> 
     </span>
     <span class='ocr_line' id='line_1_30' title="bbox 108 1685 1134 1774; baseline 0.001 -17"><span class='ocrx_word' id='word_1_209' title='bbox 108 1702 205 1768; x_wconf 81' lang='lat' dir='ltr'>fuisse,</span> <span class='ocrx_word' id='word_1_210' title='bbox 220 1701 376 1774; x_wconf 83' lang='lat' dir='ltr'>Remisque</span> <span class='ocrx_word' id='word_1_211' title='bbox 396 1702 534 1757; x_wconf 83' lang='lat' dir='ltr'>studuisse</span> <span class='ocrx_word' id='word_1_212' title='bbox 544 1703 665 1758; x_wconf 89' lang='lat' dir='ltr'>videtur.</span> <span class='ocrx_word' id='word_1_213' title='bbox 687 1705 825 1761; x_wconf 82' lang='lat' dir='ltr'>Funebris</span> <span class='ocrx_word' id='word_1_214' title='bbox 840 1687 954 1761; x_wconf 86' lang='lat' dir='ltr'>enimB</span> <span class='ocrx_word' id='word_1_215' title='bbox 968 1685 1013 1741; x_wconf 69' lang='grc' dir='ltr'>5Ῑο</span> <span class='ocrx_word' id='word_1_216' title='bbox 1027 1689 1134 1745; x_wconf 69' lang='grc' dir='ltr'>0000οῑ</span> 
     </span>
    </p>
   </div>
   <div class='ocr_carea' id='block_1_6' title="bbox 107 1789 920 2921">
    <p class='ocr_par' dir='ltr' id='par_1_7' title="bbox 110 1789 919 2031">
     <span class='ocr_line' id='line_1_31' title="bbox 111 1789 919 1863; baseline 0.007 -19"><span class='ocrx_word' id='word_1_217' title='bbox 111 1790 231 1858; x_wconf 90' lang='lat' dir='ltr'>Titulus,</span> <span class='ocrx_word' id='word_1_218' title='bbox 244 1791 320 1845; x_wconf 87' lang='lat' dir='ltr'>inter</span> <span class='ocrx_word' id='word_1_219' title='bbox 330 1789 560 1858; x_wconf 76' lang='lat' dir='ltr'>recudendosbb,</span> <span class='ocrx_word' id='word_1_220' title='bbox 573 1807 630 1863; x_wconf 85' lang='lat' dir='ltr'>quo</span> <span class='ocrx_word' id='word_1_221' title='bbox 644 1792 672 1847; x_wconf 85' lang='lat' dir='ltr'>S.</span> <span class='ocrx_word' id='word_1_222' title='bbox 683 1793 777 1849; x_wconf 74' lang='lat' dir='ltr'>Mariae</span> <span class='ocrx_word' id='word_1_223' title='bbox 790 1794 919 1850; x_wconf 77' lang='lat' dir='ltr'>Ecclesiae</span> 
     </span>
     <span class='ocr_line' id='line_1_32' title="bbox 110 1877 918 1955; baseline 0.006 -22"><span class='ocrx_word' id='word_1_224' title='bbox 110 1879 344 1950; x_wconf 72' lang='lat' dir='ltr'>metropolitanae</span> <span class='ocrx_word' id='word_1_225' title='bbox 370 1877 520 1933; x_wconf 68' lang='lat' dir='ltr'>tiernensis</span> <span class='ocrx_word' id='word_1_226' title='bbox 534 1880 664 1935; x_wconf 86' lang='lat' dir='ltr'>canonici</span> <span class='ocrx_word' id='word_1_227' title='bbox 689 1880 794 1937; x_wconf 86' lang='lat' dir='ltr'>Sancto</span> <span class='ocrx_word' id='word_1_228' title='bbox 815 1898 918 1955; x_wconf 76' lang='lat' dir='ltr'>paran-</span> 
     </span>
     <span class='ocr_line' id='line_1_33' title="bbox 110 1964 394 2031; baseline 0 -10"><span class='ocrx_word' id='word_1_229' title='bbox 110 1969 219 2031; x_wconf 88' lang='lat' dir='ltr'>tarunt,</span> <span class='ocrx_word' id='word_1_230' title='bbox 232 1964 272 2019; x_wconf 91' lang='lat' dir='ltr'>sic</span> <span class='ocrx_word' id='word_1_231' title='bbox 287 1965 394 2021; x_wconf 88' lang='lat' dir='ltr'>habet:</span> 
     </span>
    </p>

    <p class='ocr_par' dir='ltr' id='par_1_8' title="bbox 107 2052 920 2921">
     <span class='ocr_line' id='line_1_34' title="bbox 109 2052 841 2120; baseline 0.001 -12"><span class='ocrx_word' id='word_1_232' title='bbox 109 2052 193 2120; x_wconf 77' lang='lat' dir='ltr'>Quem</span> <span class='ocrx_word' id='word_1_233' title='bbox 209 2061 329 2108; x_wconf 75' lang='lat' dir='ltr'>terrerum</span> <span class='ocrx_word' id='word_1_234' title='bbox 342 2053 433 2109; x_wconf 84' lang='lat' dir='ltr'>docuit</span> <span class='ocrx_word' id='word_1_235' title='bbox 443 2060 530 2108; x_wconf 83' lang='lat' dir='ltr'>meter</span> <span class='ocrx_word' id='word_1_236' title='bbox 543 2054 678 2109; x_wconf 79' lang='lat' dir='ltr'>Reureruis</span> <span class='ocrx_word' id='word_1_237' title='bbox 692 2057 841 2120; x_wconf 82' lang='lat' dir='ltr'>olumnam,</span> 
     </span>
     <span class='ocr_line' id='line_1_35' title="bbox 108 2141 744 2212; baseline 0.003 -17"><span class='ocrx_word' id='word_1_238' title='bbox 108 2142 246 2212; x_wconf 74' lang='lat' dir='ltr'>Propertii</span> <span class='ocrx_word' id='word_1_239' title='bbox 258 2144 370 2195; x_wconf 75' lang='lat' dir='ltr'>reuertere</span> <span class='ocrx_word' id='word_1_240' title='bbox 379 2141 459 2210; x_wconf 76' lang='lat' dir='ltr'>fidem</span> <span class='ocrx_word' id='word_1_241' title='bbox 472 2141 563 2196; x_wconf 73' lang='lat' dir='ltr'>letata</span> <span class='ocrx_word' id='word_1_242' title='bbox 579 2142 744 2205; x_wconf 82' lang='lat' dir='ltr'>Brunoncm,</span> 
     </span>
     <span class='ocr_line' id='line_1_36' title="bbox 107 2229 916 2304; baseline 0.004 -20"><span class='ocrx_word' id='word_1_243' title='bbox 107 2229 274 2300; x_wconf 73' lang='lat' dir='ltr'>Mtqrontem</span> <span class='ocrx_word' id='word_1_244' title='bbox 283 2229 320 2283; x_wconf 80' lang='lat' dir='ltr'>od</span> <span class='ocrx_word' id='word_1_245' title='bbox 329 2229 477 2284; x_wconf 82' lang='lat' dir='ltr'>Dominum</span> <span class='ocrx_word' id='word_1_246' title='bbox 487 2230 612 2300; x_wconf 72' lang='lat' dir='ltr'>lacrymis</span> <span class='ocrx_word' id='word_1_247' title='bbox 616 2232 791 2304; x_wconf 75' lang='lat' dir='ltr'>precibusque</span> <span class='ocrx_word' id='word_1_248' title='bbox 807 2232 916 2287; x_wconf 83' lang='lat' dir='ltr'>salutat.</span> 
     </span>
     <span class='ocr_line' id='line_1_37' title="bbox 109 2319 918 2390; baseline 0.005 -17"><span class='ocrx_word' id='word_1_249' title='bbox 109 2320 163 2373; x_wconf 87' lang='lat' dir='ltr'>Per</span> <span class='ocrx_word' id='word_1_250' title='bbox 177 2322 313 2373; x_wconf 87' lang='lat' dir='ltr'>tenerum</span> <span class='ocrx_word' id='word_1_251' title='bbox 329 2321 428 2372; x_wconf 88' lang='lat' dir='ltr'>autem</span> <span class='ocrx_word' id='word_1_252' title='bbox 451 2319 602 2372; x_wconf 91' lang='lat' dir='ltr'>alumnum</span> <span class='ocrx_word' id='word_1_253' title='bbox 629 2320 847 2390; x_wconf 88' lang='lat' dir='ltr'>quatuordecim</span> <span class='ocrx_word' id='word_1_254' title='bbox 869 2326 918 2377; x_wconf 88' lang='lat' dir='ltr'>aut</span> 
     </span>
     <span class='ocr_line' id='line_1_38' title="bbox 108 2406 917 2480; baseline 0.004 -19"><span class='ocrx_word' id='word_1_255' title='bbox 108 2406 276 2480; x_wconf 86' lang='lat' dir='ltr'>quindecim</span> <span class='ocrx_word' id='word_1_256' title='bbox 291 2422 445 2469; x_wconf 89' lang='lat' dir='ltr'>annorum,</span> <span class='ocrx_word' id='word_1_257' title='bbox 466 2407 618 2462; x_wconf 88' lang='lat' dir='ltr'>autetiam</span> <span class='ocrx_word' id='word_1_258' title='bbox 634 2408 720 2479; x_wconf 91' lang='lat' dir='ltr'>paulo</span> <span class='ocrx_word' id='word_1_259' title='bbox 731 2408 832 2479; x_wconf 87' lang='lat' dir='ltr'>junior</span> <span class='ocrx_word' id='word_1_260' title='bbox 849 2410 917 2464; x_wconf 88' lang='lat' dir='ltr'>ado-</span> 
     </span>
     <span class='ocr_line' id='line_1_39' title="bbox 108 2495 918 2566; baseline 0.002 -14"><span class='ocrx_word' id='word_1_261' title='bbox 108 2499 218 2552; x_wconf 84' lang='lat' dir='ltr'>lescens</span> <span class='ocrx_word' id='word_1_262' title='bbox 233 2495 279 2549; x_wconf 91' lang='lat' dir='ltr'>hic</span> <span class='ocrx_word' id='word_1_263' title='bbox 296 2495 501 2566; x_wconf 79' lang='lat' dir='ltr'>intelligendus</span> <span class='ocrx_word' id='word_1_264' title='bbox 515 2495 636 2551; x_wconf 90' lang='lat' dir='ltr'>videtur.</span> <span class='ocrx_word' id='word_1_265' title='bbox 654 2499 696 2551; x_wconf 91' lang='lat' dir='ltr'>lta</span> <span class='ocrx_word' id='word_1_266' title='bbox 709 2501 829 2554; x_wconf 89' lang='lat' dir='ltr'>autumo</span> <span class='ocrx_word' id='word_1_267' title='bbox 855 2503 918 2554; x_wconf 91' lang='lat' dir='ltr'>tum</span> 
     </span>
     <span class='ocr_line' id='line_1_40' title="bbox 108 2581 918 2658; baseline 0.004 -21"><span class='ocrx_word' id='word_1_268' title='bbox 108 2583 184 2656; x_wconf 88' lang='lat' dir='ltr'>quod</span> <span class='ocrx_word' id='word_1_269' title='bbox 196 2581 471 2652; x_wconf 86' lang='lat' dir='ltr'>adjectivumtener,</span> <span class='ocrx_word' id='word_1_270' title='bbox 480 2583 549 2637; x_wconf 94' lang='lat' dir='ltr'>dum</span> <span class='ocrx_word' id='word_1_271' title='bbox 561 2587 677 2639; x_wconf 74' lang='lat' dir='ltr'>atatem</span> <span class='ocrx_word' id='word_1_272' title='bbox 688 2585 786 2652; x_wconf 83' lang='lat' dir='ltr'>asiteit,</span> <span class='ocrx_word' id='word_1_273' title='bbox 800 2586 836 2641; x_wconf 86' lang='lat' dir='ltr'>ad</span> <span class='ocrx_word' id='word_1_274' title='bbox 849 2603 918 2658; x_wconf 90' lang='lat' dir='ltr'>pau-</span> 
     </span>
     <span class='ocr_line' id='line_1_41' title="bbox 111 2673 920 2746; baseline 0.007 -22"><span class='ocrx_word' id='word_1_275' title='bbox 111 2688 159 2727; x_wconf 85' lang='lat' dir='ltr'>cos</span> <span class='ocrx_word' id='word_1_276' title='bbox 170 2673 245 2726; x_wconf 91' lang='lat' dir='ltr'>hane</span> <span class='ocrx_word' id='word_1_277' title='bbox 256 2688 347 2726; x_wconf 86' lang='lat' dir='ltr'>annos</span> <span class='ocrx_word' id='word_1_278' title='bbox 356 2687 410 2742; x_wconf 89' lang='lat' dir='ltr'>per</span> <span class='ocrx_word' id='word_1_279' title='bbox 422 2688 451 2725; x_wconf 91' lang='lat' dir='ltr'>se</span> <span class='ocrx_word' id='word_1_280' title='bbox 462 2673 625 2740; x_wconf 86' lang='lat' dir='ltr'>contrahat,</span> <span class='ocrx_word' id='word_1_281' title='bbox 637 2676 699 2728; x_wconf 92' lang='lat' dir='ltr'>tum</span> <span class='ocrx_word' id='word_1_282' title='bbox 713 2675 790 2746; x_wconf 87' lang='lat' dir='ltr'>quod</span> <span class='ocrx_word' id='word_1_283' title='bbox 801 2675 920 2732; x_wconf 90' lang='lat' dir='ltr'>Sanctus</span> 
     </span>
     <span class='ocr_line' id='line_1_42' title="bbox 110 2760 920 2835; baseline 0.006 -21"><span class='ocrx_word' id='word_1_284' title='bbox 110 2761 209 2815; x_wconf 81' lang='lat' dir='ltr'>Remis</span> <span class='ocrx_word' id='word_1_285' title='bbox 224 2760 335 2815; x_wconf 87' lang='lat' dir='ltr'>litteras</span> <span class='ocrx_word' id='word_1_286' title='bbox 344 2760 533 2815; x_wconf 85' lang='lat' dir='ltr'>humaniores</span> <span class='ocrx_word' id='word_1_287' title='bbox 543 2760 683 2828; x_wconf 85' lang='lat' dir='ltr'>didicerit,</span> <span class='ocrx_word' id='word_1_288' title='bbox 698 2779 832 2835; x_wconf 90' lang='lat' dir='ltr'>annoque</span> <span class='ocrx_word' id='word_1_289' title='bbox 842 2764 920 2819; x_wconf 89' lang='lat' dir='ltr'>circi-</span> 
     </span>
     <span class='ocr_line' id='line_1_43' title="bbox 109 2849 919 2921; baseline 0.004 -17"><span class='ocrx_word' id='word_1_290' title='bbox 109 2854 154 2905; x_wconf 89' lang='lat' dir='ltr'>ter</span> <span class='ocrx_word' id='word_1_291' title='bbox 166 2851 234 2904; x_wconf 72' lang='lat' dir='ltr'>{Oti</span> <span class='ocrx_word' id='word_1_292' title='bbox 244 2849 546 2921; x_wconf 82' lang='lat' dir='ltr'>philosophiam,cum</span> <span class='ocrx_word' id='word_1_293' title='bbox 558 2851 759 2905; x_wconf 86' lang='lat' dir='ltr'>verosimiliter</span> <span class='ocrx_word' id='word_1_294' title='bbox 774 2868 919 2907; x_wconf 89' lang='lat' dir='ltr'>armorum</span> 
     </span>
    </p>
   </div>
   <div class='ocr_carea' id='block_1_7' title="bbox 966 1776 1736 2911">
    <p class='ocr_par' dir='ltr' id='par_1_9' title="bbox 968 1776 1595 1944">
     <span class='ocr_line' id='line_1_44' title="bbox 968 1776 1595 1853; baseline 0.013 -23"><span class='ocrx_word' id='word_1_295' title='bbox 968 1776 1096 1832; x_wconf 81' lang='lat' dir='ltr'>Mortales</span> <span class='ocrx_word' id='word_1_296' title='bbox 1109 1778 1241 1832; x_wconf 80' lang='lat' dir='ltr'>Dornr&#39;nus</span> <span class='ocrx_word' id='word_1_297' title='bbox 1256 1786 1361 1834; x_wconf 77' lang='lat' dir='ltr'>curretur</span> <span class='ocrx_word' id='word_1_298' title='bbox 1373 1782 1401 1834; x_wconf 83' lang='lat' dir='ltr'>in</span> <span class='ocrx_word' id='word_1_299' title='bbox 1417 1781 1472 1835; x_wconf 85' lang='lat' dir='ltr'>luce</span> <span class='ocrx_word' id='word_1_300' title='bbox 1487 1787 1595 1853; x_wconf 82' lang='lat' dir='ltr'>creauit,</span> 
     </span>
     <span class='ocr_line' id='line_1_45' title="bbox 1007 1869 1587 1944; baseline 0.007 -20"><span class='ocrx_word' id='word_1_301' title='bbox 1007 1869 1043 1924; x_wconf 87' lang='lat' dir='ltr'>Ut</span> <span class='ocrx_word' id='word_1_302' title='bbox 1056 1873 1164 1940; x_wconf 81' lang='lat' dir='ltr'>capiunt</span> <span class='ocrx_word' id='word_1_303' title='bbox 1178 1874 1278 1924; x_wconf 73' lang='lat' dir='ltr'>eteritis</span> <span class='ocrx_word' id='word_1_304' title='bbox 1295 1872 1394 1939; x_wconf 77' lang='lat' dir='ltr'>pendia</span> <span class='ocrx_word' id='word_1_305' title='bbox 1410 1889 1512 1926; x_wconf 80' lang='lat' dir='ltr'>vamme</span> <span class='ocrx_word' id='word_1_306' title='bbox 1520 1875 1587 1944; x_wconf 84' lang='lat' dir='ltr'>poli.</span> 
     </span>
    </p>

    <p class='ocr_par' dir='ltr' id='par_1_10' title="bbox 968 1956 1613 2122">
     <span class='ocr_line' id='line_1_46' title="bbox 968 1956 1613 2038; baseline 0.011 -27"><span class='ocrx_word' id='word_1_307' title='bbox 968 1956 1046 2011; x_wconf 76' lang='lat' dir='ltr'>Felix</span> <span class='ocrx_word' id='word_1_308' title='bbox 1060 1959 1102 2014; x_wconf 82' lang='lat' dir='ltr'>ille</span> <span class='ocrx_word' id='word_1_309' title='bbox 1114 1959 1229 2030; x_wconf 83' lang='lat' dir='ltr'>quidem,</span> <span class='ocrx_word' id='word_1_310' title='bbox 1246 1963 1294 2031; x_wconf 80' lang='lat' dir='ltr'>qai</span> <span class='ocrx_word' id='word_1_311' title='bbox 1306 1966 1417 2014; x_wconf 74' lang='lat' dir='ltr'>eternam</span> <span class='ocrx_word' id='word_1_312' title='bbox 1425 1961 1530 2029; x_wconf 67' lang='lat' dir='ltr'>jupiter</span> <span class='ocrx_word' id='word_1_313' title='bbox 1543 1963 1613 2038; x_wconf 73' lang='lat' dir='ltr'>illuc*¹</span> 
     </span>
     <span class='ocr_line' id='line_1_47' title="bbox 1003 2046 1611 2122; baseline 0.01 -23"><span class='ocrx_word' id='word_1_314' title='bbox 1003 2046 1105 2115; x_wconf 76' lang='lat' dir='ltr'>Diripit</span> <span class='ocrx_word' id='word_1_315' title='bbox 1114 2053 1192 2119; x_wconf 84' lang='lat' dir='ltr'>utque</span> <span class='ocrx_word' id='word_1_316' title='bbox 1206 2048 1273 2117; x_wconf 78' lang='lat' dir='ltr'>uipil</span> <span class='ocrx_word' id='word_1_317' title='bbox 1284 2050 1364 2102; x_wconf 79' lang='lat' dir='ltr'>aeria</span> <span class='ocrx_word' id='word_1_318' title='bbox 1379 2064 1490 2120; x_wconf 69' lang='lat' dir='ltr'>quaque</span> <span class='ocrx_word' id='word_1_319' title='bbox 1505 2060 1578 2105; x_wconf 81' lang='lat' dir='ltr'>rouel</span> <span class='ocrx_word' id='word_1_320' title='bbox 1590 2055 1611 2122; x_wconf 59' lang='grc' dir='ltr'>ἱ]</span> 
     </span>
    </p>

    <p class='ocr_par' dir='ltr' id='par_1_11' title="bbox 967 2133 1647 2299">
     <span class='ocr_line' id='line_1_48' title="bbox 967 2133 1647 2208; baseline 0.013 -20"><span class='ocrx_word' id='word_1_321' title='bbox 967 2133 1025 2189; x_wconf 87' lang='lat' dir='ltr'>Nec</span> <span class='ocrx_word' id='word_1_322' title='bbox 1040 2142 1127 2189; x_wconf 82' lang='lat' dir='ltr'>tomen</span> <span class='ocrx_word' id='word_1_323' title='bbox 1141 2136 1246 2206; x_wconf 79' lang='lat' dir='ltr'>inseite,</span> <span class='ocrx_word' id='word_1_324' title='bbox 1262 2137 1362 2191; x_wconf 77' lang='lat' dir='ltr'>sceleris</span> <span class='ocrx_word' id='word_1_325' title='bbox 1375 2155 1452 2208; x_wconf 80' lang='lat' dir='ltr'>quem</span> <span class='ocrx_word' id='word_1_326' title='bbox 1461 2142 1570 2207; x_wconf 77' lang='lat' dir='ltr'>penitet</span> <span class='ocrx_word' id='word_1_327' title='bbox 1585 2146 1647 2207; x_wconf 83' lang='lat' dir='ltr'>orti,</span> 
     </span>
     <span class='ocr_line' id='line_1_49' title="bbox 1003 2222 1616 2299; baseline 0.016 -24"><span class='ocrx_word' id='word_1_328' title='bbox 1003 2222 1106 2295; x_wconf 80' lang='lat' dir='ltr'>Quique</span> <span class='ocrx_word' id='word_1_329' title='bbox 1120 2241 1196 2278; x_wconf 74' lang='lat' dir='ltr'>sirum</span> <span class='ocrx_word' id='word_1_330' title='bbox 1208 2226 1316 2295; x_wconf 76' lang='lat' dir='ltr'>[ocinus</span> <span class='ocrx_word' id='word_1_331' title='bbox 1327 2226 1455 2296; x_wconf 76' lang='lat' dir='ltr'>plrrnqere</span> <span class='ocrx_word' id='word_1_332' title='bbox 1467 2244 1533 2299; x_wconf 75' lang='lat' dir='ltr'>serpe</span> <span class='ocrx_word' id='word_1_333' title='bbox 1543 2231 1616 2285; x_wconf 84' lang='lat' dir='ltr'>solet.</span> 
     </span>
    </p>

    <p class='ocr_par' dir='ltr' id='par_1_12' title="bbox 966 2308 1736 2472">
     <span class='ocr_line' id='line_1_50' title="bbox 966 2308 1736 2392; baseline 0.012 -27"><span class='ocrx_word' id='word_1_334' title='bbox 966 2308 1020 2365; x_wconf 86' lang='lat' dir='ltr'>Sed</span> <span class='ocrx_word' id='word_1_335' title='bbox 1032 2313 1124 2364; x_wconf 82' lang='lat' dir='ltr'>uiuunt</span> <span class='ocrx_word' id='word_1_336' title='bbox 1136 2312 1263 2374; x_wconf 77' lang='lat' dir='ltr'>homines,</span> <span class='ocrx_word' id='word_1_337' title='bbox 1283 2319 1412 2384; x_wconf 76' lang='lat' dir='ltr'>tanquam</span> <span class='ocrx_word' id='word_1_338' title='bbox 1428 2331 1496 2368; x_wconf 87' lang='lat' dir='ltr'>mors</span> <span class='ocrx_word' id='word_1_339' title='bbox 1512 2316 1586 2371; x_wconf 82' lang='lat' dir='ltr'>nullo</span> <span class='ocrx_word' id='word_1_340' title='bbox 1601 2328 1736 2392; x_wconf 81' lang='lat' dir='ltr'>sequetur,</span> 
     </span>
     <span class='ocr_line' id='line_1_51' title="bbox 1002 2398 1545 2472; baseline 0.011 -21"><span class='ocrx_word' id='word_1_341' title='bbox 1002 2398 1040 2452; x_wconf 88' lang='lat' dir='ltr'>Et</span> <span class='ocrx_word' id='word_1_342' title='bbox 1056 2399 1124 2452; x_wconf 70' lang='lat' dir='ltr'>uellet</span> <span class='ocrx_word' id='word_1_343' title='bbox 1139 2401 1260 2469; x_wconf 79' lang='lat' dir='ltr'>infernus</span> <span class='ocrx_word' id='word_1_344' title='bbox 1270 2400 1365 2470; x_wconf 74' lang='lat' dir='ltr'>sabrate</span> <span class='ocrx_word' id='word_1_345' title='bbox 1380 2419 1450 2455; x_wconf 83' lang='lat' dir='ltr'>eona</span> <span class='ocrx_word' id='word_1_346' title='bbox 1464 2404 1545 2472; x_wconf 75' lang='lat' dir='ltr'>soret,</span> 
     </span>
    </p>

    <p class='ocr_par' dir='ltr' id='par_1_13' title="bbox 970 2485 1599 2650">
     <span class='ocr_line' id='line_1_52' title="bbox 970 2485 1599 2558; baseline 0.014 -18"><span class='ocrx_word' id='word_1_347' title='bbox 970 2485 1039 2541; x_wconf 84' lang='lat' dir='ltr'>Cum</span> <span class='ocrx_word' id='word_1_348' title='bbox 1053 2488 1145 2542; x_wconf 83' lang='lat' dir='ltr'>doceat</span> <span class='ocrx_word' id='word_1_349' title='bbox 1154 2506 1253 2552; x_wconf 71' lang='lat' dir='ltr'>sorem,</span> <span class='ocrx_word' id='word_1_350' title='bbox 1271 2495 1384 2544; x_wconf 76' lang='lat' dir='ltr'>recentes</span> <span class='ocrx_word' id='word_1_351' title='bbox 1398 2499 1481 2545; x_wconf 25' lang='lat' dir='ltr'>mvorte</span> <span class='ocrx_word' id='word_1_352' title='bbox 1497 2495 1599 2558; x_wconf 78' lang='lat' dir='ltr'>resolvi,</span> 
     </span>
     <span class='ocr_line' id='line_1_53' title="bbox 1003 2576 1596 2650; baseline 0.012 -21"><span class='ocrx_word' id='word_1_353' title='bbox 1003 2576 1094 2647; x_wconf 84' lang='lat' dir='ltr'>Atque</span> <span class='ocrx_word' id='word_1_354' title='bbox 1108 2578 1179 2631; x_wconf 81' lang='lat' dir='ltr'>erebi</span> <span class='ocrx_word' id='word_1_355' title='bbox 1186 2594 1278 2647; x_wconf 77' lang='lat' dir='ltr'>perros</span> <span class='ocrx_word' id='word_1_356' title='bbox 1287 2581 1391 2649; x_wconf 70' lang='lat' dir='ltr'>pnqr&#39;no</span> <span class='ocrx_word' id='word_1_357' title='bbox 1402 2597 1478 2633; x_wconf 83' lang='lat' dir='ltr'>sacre</span> <span class='ocrx_word' id='word_1_358' title='bbox 1487 2581 1596 2650; x_wconf 75' lang='lat' dir='ltr'>prohet3</span> 
     </span>
    </p>

    <p class='ocr_par' dir='ltr' id='par_1_14' title="bbox 970 2655 1662 2825">
     <span class='ocr_line' id='line_1_54' title="bbox 970 2655 1662 2738; baseline 0.016 -22"><span class='ocrx_word' id='word_1_359' title='bbox 970 2663 1042 2729; x_wconf 75' lang='lat' dir='ltr'>Oreos</span> <span class='ocrx_word' id='word_1_360' title='bbox 1058 2668 1106 2736; x_wconf 80' lang='lat' dir='ltr'>qui</span> <span class='ocrx_word' id='word_1_361' title='bbox 1118 2683 1171 2719; x_wconf 83' lang='lat' dir='ltr'>non</span> <span class='ocrx_word' id='word_1_362' title='bbox 1188 2669 1291 2732; x_wconf 79' lang='lat' dir='ltr'>metirit,</span> <span class='ocrx_word' id='word_1_363' title='bbox 1309 2667 1404 2736; x_wconf 76' lang='lat' dir='ltr'>inseite</span> <span class='ocrx_word' id='word_1_364' title='bbox 1409 2655 1519 2738; x_wconf 69' lang='lat' dir='ltr'>prorsus</span> <span class='ocrx_word' id='word_1_365' title='bbox 1534 2679 1558 2724; x_wconf 88' lang='lat' dir='ltr'>et</span> <span class='ocrx_word' id='word_1_366' title='bbox 1572 2687 1662 2729; x_wconf 78' lang='lat' dir='ltr'>amem</span> 
     </span>
     <span class='ocr_line' id='line_1_55' title="bbox 1009 2753 1541 2825; baseline 0.009 -18"><span class='ocrx_word' id='word_1_367' title='bbox 1009 2753 1081 2807; x_wconf 80' lang='lat' dir='ltr'>Vicit</span> <span class='ocrx_word' id='word_1_368' title='bbox 1096 2760 1120 2806; x_wconf 85' lang='lat' dir='ltr'>et</span> <span class='ocrx_word' id='word_1_369' title='bbox 1135 2757 1264 2809; x_wconf 68' lang='lat' dir='ltr'>extinctus</span> <span class='ocrx_word' id='word_1_370' title='bbox 1275 2758 1367 2809; x_wconf 82' lang='lat' dir='ltr'>sentiet</span> <span class='ocrx_word' id='word_1_371' title='bbox 1380 2755 1423 2810; x_wconf 87' lang='lat' dir='ltr'>ille</span> <span class='ocrx_word' id='word_1_372' title='bbox 1438 2774 1541 2825; x_wconf 74' lang='lat' dir='ltr'>repam.</span> 
     </span>
    </p>

    <p class='ocr_par' dir='ltr' id='par_1_15' title="bbox 968 2839 1564 2911">
     <span class='ocr_line' id='line_1_56' title="bbox 968 2839 1564 2911; baseline 0.01 -17"><span class='ocrx_word' id='word_1_373' title='bbox 968 2839 1014 2895; x_wconf 83' lang='lat' dir='ltr'>Sic</span> <span class='ocrx_word' id='word_1_374' title='bbox 1025 2844 1108 2911; x_wconf 73' lang='lat' dir='ltr'>ipitur</span> <span class='ocrx_word' id='word_1_375' title='bbox 1121 2846 1210 2897; x_wconf 79' lang='lat' dir='ltr'>ervrrcti</span> <span class='ocrx_word' id='word_1_376' title='bbox 1224 2843 1346 2897; x_wconf 80' lang='lat' dir='ltr'>mortales</span> <span class='ocrx_word' id='word_1_377' title='bbox 1361 2847 1447 2898; x_wconf 81' lang='lat' dir='ltr'>virere</span> <span class='ocrx_word' id='word_1_378' title='bbox 1462 2854 1564 2909; x_wconf 84' lang='lat' dir='ltr'>carent,</span> 
     </span>
    </p>
   </div>
   <div class='ocr_carea' id='block_1_8' title="bbox 109 2928 1546 3029">
    <p class='ocr_par' dir='ltr' id='par_1_16' title="bbox 109 2928 1546 3029">
     <span class='ocr_line' id='line_1_57' title="bbox 109 2928 1546 3029; baseline 0.001 -38"><span class='ocrx_word' id='word_1_379' title='bbox 109 2936 954 3029; x_wconf 70' lang='lat' dir='ltr'>circiterseptemdecimdumtaxatesset,TuronisaudireC</span> <span class='ocrx_word' id='word_1_380' title='bbox 1007 2928 1044 2984; x_wconf 68' lang='lat' dir='ltr'>Ut</span> <span class='ocrx_word' id='word_1_381' title='bbox 1058 2929 1127 2983; x_wconf 79' lang='lat' dir='ltr'>nibil</span> <span class='ocrx_word' id='word_1_382' title='bbox 1140 2931 1242 3000; x_wconf 60' lang='lat' dir='ltr'>instrui</span> <span class='ocrx_word' id='word_1_383' title='bbox 1254 2933 1288 2986; x_wconf 72' lang='lat' dir='ltr'>Sit</span> <span class='ocrx_word' id='word_1_384' title='bbox 1306 2934 1445 2987; x_wconf 67' lang='lat' dir='ltr'>metuende</span> <span class='ocrx_word' id='word_1_385' title='bbox 1454 2942 1546 3005; x_wconf 75' lang='lat' dir='ltr'>putres.</span> 
     </span>
    </p>
   </div>
   <div class='ocr_carea' id='block_1_9' title="bbox 105 3018 1777 3543">
    <p class='ocr_par' dir='ltr' id='par_1_17' title="bbox 105 3018 1777 3543">
     <span class='ocr_line' id='line_1_58' title="bbox 107 3018 1776 3097; baseline 0.007 -20"><span class='ocrx_word' id='word_1_386' title='bbox 107 3023 260 3095; x_wconf 88' lang='lat' dir='ltr'>inceperit.</span> <span class='ocrx_word' id='word_1_387' title='bbox 273 3025 306 3077; x_wconf 88' lang='lat' dir='ltr'>Et</span> <span class='ocrx_word' id='word_1_388' title='bbox 315 3023 371 3077; x_wconf 89' lang='lat' dir='ltr'>hoe</span> <span class='ocrx_word' id='word_1_389' title='bbox 379 3027 561 3094; x_wconf 90' lang='lat' dir='ltr'>postremum</span> <span class='ocrx_word' id='word_1_390' title='bbox 571 3024 917 3096; x_wconf 86' lang='lat' dir='ltr'>quideminlraprohabo;</span> <span class='ocrx_word' id='word_1_391' title='bbox 968 3018 1023 3072; x_wconf 87' lang='lat' dir='ltr'>Nee</span> <span class='ocrx_word' id='word_1_392' title='bbox 1043 3018 1138 3073; x_wconf 90' lang='lat' dir='ltr'>minus</span> <span class='ocrx_word' id='word_1_393' title='bbox 1161 3019 1292 3086; x_wconf 88' lang='lat' dir='ltr'>Sanetus,</span> <span class='ocrx_word' id='word_1_394' title='bbox 1315 3021 1356 3074; x_wconf 90' lang='lat' dir='ltr'>uti</span> <span class='ocrx_word' id='word_1_395' title='bbox 1379 3038 1413 3075; x_wconf 89' lang='lat' dir='ltr'>ex</span> <span class='ocrx_word' id='word_1_396' title='bbox 1435 3022 1562 3079; x_wconf 82' lang='lat' dir='ltr'>dicendis</span> <span class='ocrx_word' id='word_1_397' title='bbox 1579 3043 1704 3097; x_wconf 90' lang='lat' dir='ltr'>prunum</span> <span class='ocrx_word' id='word_1_398' title='bbox 1720 3033 1776 3090; x_wconf 87' lang='lat' dir='ltr'>erit</span> 
     </span>
     <span class='ocr_line' id='line_1_59' title="bbox 109 3105 1776 3186; baseline 0.006 -20"><span class='ocrx_word' id='word_1_399' title='bbox 109 3110 917 3181; x_wconf 83' lang='lat' dir='ltr'>Sanctumautemltemishumanioreslitterasdidicisse,</span> <span class='ocrx_word' id='word_1_400' title='bbox 968 3106 1113 3175; x_wconf 68' lang='lat' dir='ltr'>colligere,</span> <span class='ocrx_word' id='word_1_401' title='bbox 1129 3105 1237 3161; x_wconf 91' lang='lat' dir='ltr'>altioris</span> <span class='ocrx_word' id='word_1_402' title='bbox 1256 3107 1364 3162; x_wconf 91' lang='lat' dir='ltr'>ordinis</span> <span class='ocrx_word' id='word_1_403' title='bbox 1389 3110 1524 3178; x_wconf 82' lang='lat' dir='ltr'>scientiis,</span> <span class='ocrx_word' id='word_1_404' title='bbox 1550 3128 1637 3183; x_wconf 88' lang='lat' dir='ltr'>quam</span> <span class='ocrx_word' id='word_1_405' title='bbox 1663 3118 1776 3186; x_wconf 89' lang='lat' dir='ltr'>poetica</span> 
     </span>
     <span class='ocr_line' id='line_1_60' title="bbox 109 3192 1775 3270; baseline 0.005 -18"><span class='ocrx_word' id='word_1_406' title='bbox 109 3198 198 3254; x_wconf 87' lang='lat' dir='ltr'>tidem</span> <span class='ocrx_word' id='word_1_407' title='bbox 209 3198 279 3253; x_wconf 86' lang='lat' dir='ltr'>tacit</span> <span class='ocrx_word' id='word_1_408' title='bbox 289 3197 566 3270; x_wconf 84' lang='lat' dir='ltr'>apudldabillonium</span> <span class='ocrx_word' id='word_1_409' title='bbox 573 3198 918 3256; x_wconf 79' lang='lat' dir='ltr'>Praefationeinsreculivr</span> <span class='ocrx_word' id='word_1_410' title='bbox 968 3192 1102 3247; x_wconf 58' lang='lat' dir='ltr'>facultate</span> <span class='ocrx_word' id='word_1_411' title='bbox 1115 3209 1175 3247; x_wconf 63' lang='lat' dir='ltr'>⁵08ss</span> <span class='ocrx_word' id='word_1_412' title='bbox 1191 3193 1300 3247; x_wconf 64' lang='grc' dir='ltr'>3000οἰ0</span> <span class='ocrx_word' id='word_1_413' title='bbox 1313 3195 1453 3250; x_wconf 70' lang='lat' dir='ltr'>imbuere·</span> <span class='ocrx_word' id='word_1_414' title='bbox 1468 3198 1575 3253; x_wconf 70' lang='lat' dir='ltr'>Verum</span> <span class='ocrx_word' id='word_1_415' title='bbox 1588 3201 1634 3255; x_wconf 88' lang='lat' dir='ltr'>uhi</span> <span class='ocrx_word' id='word_1_416' title='bbox 1649 3203 1734 3260; x_wconf 79' lang='lat' dir='ltr'>hasce</span> <span class='ocrx_word' id='word_1_417' title='bbox 1743 3225 1775 3264; x_wconf 87' lang='lat' dir='ltr'>ae</span> 
     </span>
     <span class='ocr_line' id='line_1_61' title="bbox 108 3280 1776 3359; baseline 0.007 -20"><span class='ocrx_word' id='word_1_418' title='bbox 108 3286 216 3343; x_wconf 84' lang='lat' dir='ltr'>Bened.</span> <span class='ocrx_word' id='word_1_419' title='bbox 232 3289 307 3358; x_wconf 88' lang='lat' dir='ltr'>part.</span> <span class='ocrx_word' id='word_1_420' title='bbox 328 3302 358 3351; x_wconf 90' lang='grc' dir='ltr'>ιι,</span> <span class='ocrx_word' id='word_1_421' title='bbox 375 3301 456 3340; x_wconf 87' lang='grc' dir='ltr'>ιιιιιιι.</span> <span class='ocrx_word' id='word_1_422' title='bbox 479 3288 512 3340; x_wconf 81' lang='lat'>85</span> <span class='ocrx_word' id='word_1_423' title='bbox 536 3286 680 3341; x_wconf 90' lang='lat' dir='ltr'>Baldricus</span> <span class='ocrx_word' id='word_1_424' title='bbox 702 3289 791 3343; x_wconf 88' lang='lat' dir='ltr'>abhas</span> <span class='ocrx_word' id='word_1_425' title='bbox 813 3290 919 3359; x_wconf 80' lang='lat' dir='ltr'>Burgu.</span> <span class='ocrx_word' id='word_1_426' title='bbox 968 3280 1142 3335; x_wconf 89' lang='lat' dir='ltr'>nominatim</span> <span class='ocrx_word' id='word_1_427' title='bbox 1152 3281 1270 3353; x_wconf 87' lang='lat' dir='ltr'>quidem</span> <span class='ocrx_word' id='word_1_428' title='bbox 1286 3283 1496 3355; x_wconf 88' lang='lat' dir='ltr'>philosophiam</span> <span class='ocrx_word' id='word_1_429' title='bbox 1512 3287 1629 3344; x_wconf 84' lang='lat' dir='ltr'>didicit?</span> <span class='ocrx_word' id='word_1_430' title='bbox 1645 3294 1698 3348; x_wconf 81' lang='lat' dir='ltr'>Pro</span> <span class='ocrx_word' id='word_1_431' title='bbox 1709 3295 1776 3351; x_wconf 89' lang='lat' dir='ltr'>civi-</span> 
     </span>
     <span class='ocr_line' id='line_1_62' title="bbox 107 3369 1777 3440; baseline 0.007 -12"><span class='ocrx_word' id='word_1_432' title='bbox 107 3376 203 3430; x_wconf 86' lang='lat' dir='ltr'>licnsis</span> <span class='ocrx_word' id='word_1_433' title='bbox 218 3376 319 3429; x_wconf 90' lang='lat' dir='ltr'>auctor</span> <span class='ocrx_word' id='word_1_434' title='bbox 332 3387 455 3440; x_wconf 78' lang='lat' dir='ltr'>coaevus3</span> <span class='ocrx_word' id='word_1_435' title='bbox 467 3372 507 3428; x_wconf 93' lang='lat' dir='ltr'>ibi</span> <span class='ocrx_word' id='word_1_436' title='bbox 523 3373 601 3427; x_wconf 91' lang='lat' dir='ltr'>enim</span> <span class='ocrx_word' id='word_1_437' title='bbox 618 3374 646 3427; x_wconf 92' lang='lat' dir='ltr'>in</span> <span class='ocrx_word' id='word_1_438' title='bbox 657 3374 789 3429; x_wconf 88' lang='lat' dir='ltr'>carmine</span> <span class='ocrx_word' id='word_1_439' title='bbox 806 3374 842 3428; x_wconf 91' lang='lat' dir='ltr'>ad</span> <span class='ocrx_word' id='word_1_440' title='bbox 863 3375 917 3430; x_wconf 86' lang='lat' dir='ltr'>Go—</span> <span class='ocrx_word' id='word_1_441' title='bbox 969 3372 1026 3424; x_wconf 91' lang='lat' dir='ltr'>tate</span> <span class='ocrx_word' id='word_1_442' title='bbox 1034 3369 1184 3423; x_wconf 89' lang='lat' dir='ltr'>Parisiensi</span> <span class='ocrx_word' id='word_1_443' title='bbox 1193 3372 1270 3424; x_wconf 86' lang='lat' dir='ltr'>stant</span> <span class='ocrx_word' id='word_1_444' title='bbox 1283 3386 1341 3425; x_wconf 90' lang='lat' dir='ltr'>non</span> <span class='ocrx_word' id='word_1_445' title='bbox 1355 3373 1441 3427; x_wconf 93' lang='lat' dir='ltr'>modo</span> <span class='ocrx_word' id='word_1_446' title='bbox 1458 3375 1673 3436; x_wconf 87' lang='lat' dir='ltr'>Btomenvenna</span> <span class='ocrx_word' id='word_1_447' title='bbox 1685 3384 1777 3440; x_wconf 87' lang='lat' dir='ltr'>verbis</span> 
     </span>
     <span class='ocr_line' id='line_1_63' title="bbox 105 3458 1775 3543; baseline 0.013 -38"><span class='ocrx_word' id='word_1_448' title='bbox 105 3463 252 3518; x_wconf 59' lang='lat' dir='ltr'>(lm-idum</span> <span class='ocrx_word' id='word_1_449' title='bbox 272 3461 445 3516; x_wconf 76' lang='lat' dir='ltr'>Remensem</span> <span class='ocrx_word' id='word_1_450' title='bbox 461 3461 681 3517; x_wconf 78' lang='lat' dir='ltr'>nondumedit0</span> <span class='ocrx_word' id='word_1_451' title='bbox 693 3461 728 3516; x_wconf 80' lang='lat' dir='ltr'>de</span> <span class='ocrx_word' id='word_1_452' title='bbox 745 3462 918 3543; x_wconf 57' lang='lat' dir='ltr'>&amp;brunone</span> <span class='ocrx_word' id='word_1_453' title='bbox 969 3474 1050 3511; x_wconf 86' lang='lat' dir='ltr'>num.</span> <span class='ocrx_word' id='word_1_454' title='bbox 1074 3459 1108 3511; x_wconf 81' lang='lat'>50</span> <span class='ocrx_word' id='word_1_455' title='bbox 1132 3458 1187 3511; x_wconf 85' lang='lat' dir='ltr'>huc</span> <span class='ocrx_word' id='word_1_456' title='bbox 1210 3458 1398 3530; x_wconf 67' lang='lat' dir='ltr'>transcriptis,</span> <span class='ocrx_word' id='word_1_457' title='bbox 1416 3459 1514 3516; x_wconf 78' lang='lat' dir='ltr'>Surius</span> <span class='ocrx_word' id='word_1_458' title='bbox 1528 3464 1557 3518; x_wconf 82' lang='lat' dir='ltr'>in</span> <span class='ocrx_word' id='word_1_459' title='bbox 1585 3465 1680 3524; x_wconf 79' lang='lat' dir='ltr'>Sancti</span> <span class='ocrx_word' id='word_1_460' title='bbox 1703 3472 1775 3543; x_wconf 77' lang='lat' dir='ltr'>Vita,</span> 
     </span>
    </p>
   </div>
   <div class='ocr_carea' id='block_1_10' title="bbox 106 3552 872 3797">
    <p class='ocr_par' dir='ltr' id='par_1_18' title="bbox 106 3552 872 3797">
     <span class='ocr_line' id='line_1_64' title="bbox 107 3552 261 3608; baseline -0.013 0"><span class='ocrx_word' id='word_1_461' title='bbox 107 3553 145 3608; x_wconf 88' lang='lat' dir='ltr'>sic</span> <span class='ocrx_word' id='word_1_462' title='bbox 159 3552 239 3607; x_wconf 87' lang='lat' dir='ltr'>canit</span> <span class='ocrx_word' id='word_1_463' title='bbox 253 3569 261 3607; x_wconf 75' lang='lat' dir='ltr'>z</span> 
     </span>
     <span class='ocr_line' id='line_1_65' title="bbox 106 3638 872 3710; baseline -0.003 -16"><span class='ocrx_word' id='word_1_464' title='bbox 106 3639 144 3694; x_wconf 79' lang='lat' dir='ltr'>Et</span> <span class='ocrx_word' id='word_1_465' title='bbox 154 3646 218 3695; x_wconf 84' lang='lat' dir='ltr'>tunc</span> <span class='ocrx_word' id='word_1_466' title='bbox 231 3639 321 3695; x_wconf 74' lang='lat' dir='ltr'>Remis</span> <span class='ocrx_word' id='word_1_467' title='bbox 335 3645 403 3702; x_wconf 84' lang='lat' dir='ltr'>crat,</span> <span class='ocrx_word' id='word_1_468' title='bbox 414 3638 503 3692; x_wconf 74' lang='lat' dir='ltr'>iternis</span> <span class='ocrx_word' id='word_1_469' title='bbox 517 3655 620 3710; x_wconf 81' lang='lat' dir='ltr'>quoque</span> <span class='ocrx_word' id='word_1_470' title='bbox 631 3638 726 3693; x_wconf 83' lang='lat' dir='ltr'>Bruno</span> <span class='ocrx_word' id='word_1_471' title='bbox 736 3639 872 3702; x_wconf 79' lang='lat' dir='ltr'>studebat,</span> 
     </span>
     <span class='ocr_line' id='line_1_66' title="bbox 144 3727 745 3797; baseline -0.007 -13"><span class='ocrx_word' id='word_1_472' title='bbox 144 3728 239 3784; x_wconf 77' lang='lat' dir='ltr'>Brimo</span> <span class='ocrx_word' id='word_1_473' title='bbox 252 3728 412 3783; x_wconf 79' lang='lat' dir='ltr'>Latinorum</span> <span class='ocrx_word' id='word_1_474' title='bbox 429 3734 492 3781; x_wconf 84' lang='lat' dir='ltr'>tune</span> <span class='ocrx_word' id='word_1_475' title='bbox 506 3727 590 3780; x_wconf 83' lang='lat' dir='ltr'>studii</span> <span class='ocrx_word' id='word_1_476' title='bbox 601 3727 745 3797; x_wconf 79' lang='lat' dir='ltr'>speculum.</span> 
     </span>
    </p>
   </div>
   <div class='ocr_carea' id='block_1_11' title="bbox 968 3541 1777 3793">
    <p class='ocr_par' dir='ltr' id='par_1_19' title="bbox 968 3541 1777 3793">
     <span class='ocr_line' id='line_1_67' title="bbox 968 3541 1775 3632; baseline 0.022 -33"><span class='ocrx_word' id='word_1_477' title='bbox 968 3545 1072 3617; x_wconf 90' lang='lat' dir='ltr'>aliique</span> <span class='ocrx_word' id='word_1_478' title='bbox 1089 3546 1202 3601; x_wconf 89' lang='lat' dir='ltr'>Ordinis</span> <span class='ocrx_word' id='word_1_479' title='bbox 1214 3541 1420 3602; x_wconf 88' lang='lat' dir='ltr'>Carthusicnsis</span> <span class='ocrx_word' id='word_1_480' title='bbox 1433 3552 1585 3622; x_wconf 87' lang='lat' dir='ltr'>scriptores</span> <span class='ocrx_word' id='word_1_481' title='bbox 1608 3573 1666 3613; x_wconf 91' lang='lat' dir='ltr'>non</span> <span class='ocrx_word' id='word_1_482' title='bbox 1682 3563 1775 3632; x_wconf 88' lang='lat' dir='ltr'>pauci,</span> 
     </span>
     <span class='ocr_line' id='line_1_68' title="bbox 968 3635 1777 3716; baseline 0.022 -28"><span class='ocrx_word' id='word_1_483' title='bbox 968 3635 1179 3702; x_wconf 87' lang='lat' dir='ltr'>verumetiam,</span> <span class='ocrx_word' id='word_1_484' title='bbox 1194 3653 1265 3707; x_wconf 91' lang='lat' dir='ltr'>quos</span> <span class='ocrx_word' id='word_1_485' title='bbox 1276 3639 1541 3694; x_wconf 89' lang='lat' dir='ltr'>omnesnominare</span> <span class='ocrx_word' id='word_1_486' title='bbox 1557 3659 1615 3697; x_wconf 90' lang='lat' dir='ltr'>non</span> <span class='ocrx_word' id='word_1_487' title='bbox 1630 3652 1719 3716; x_wconf 90' lang='lat' dir='ltr'>vacat,</span> <span class='ocrx_word' id='word_1_488' title='bbox 1729 3650 1777 3706; x_wconf 87' lang='lat' dir='ltr'>alii</span> 
     </span>
     <span class='ocr_line' id='line_1_69' title="bbox 968 3723 1777 3793; baseline 0.022 -18"><span class='ocrx_word' id='word_1_489' title='bbox 968 3723 1108 3787; x_wconf 90' lang='lat' dir='ltr'>nonnulli,</span> <span class='ocrx_word' id='word_1_490' title='bbox 1125 3739 1157 3777; x_wconf 84' lang='lat' dir='ltr'>aa</span> <span class='ocrx_word' id='word_1_491' title='bbox 1173 3723 1346 3777; x_wconf 90' lang='lat' dir='ltr'>nominatim</span> <span class='ocrx_word' id='word_1_492' title='bbox 1361 3723 1389 3777; x_wconf 91' lang='lat' dir='ltr'>in</span> <span class='ocrx_word' id='word_1_493' title='bbox 1404 3725 1599 3782; x_wconf 89' lang='lat' dir='ltr'>Universitatis</span> <span class='ocrx_word' id='word_1_494' title='bbox 1612 3733 1777 3793; x_wconf 88' lang='lat' dir='ltr'>Parisiensis</span> 
     </span>
    </p>
   </div>
   <div class='ocr_carea' id='block_1_12' title="bbox 106 3809 1779 4503">
    <p class='ocr_par' dir='ltr' id='par_1_20' title="bbox 106 3809 1777 4156">
     <span class='ocr_line' id='line_1_70' title="bbox 107 3809 1775 3898; baseline 0.004 -25"><span class='ocrx_word' id='word_1_495' title='bbox 107 3819 156 3873; x_wconf 90' lang='lat' dir='ltr'>llic</span> <span class='ocrx_word' id='word_1_496' title='bbox 170 3821 269 3872; x_wconf 89' lang='lat' dir='ltr'>autem</span> <span class='ocrx_word' id='word_1_497' title='bbox 282 3834 335 3889; x_wconf 92' lang='lat' dir='ltr'>per</span> <span class='ocrx_word' id='word_1_498' title='bbox 345 3816 513 3873; x_wconf 87' lang='lat' dir='ltr'>Latinorum</span> <span class='ocrx_word' id='word_1_499' title='bbox 526 3819 593 3870; x_wconf 92' lang='lat' dir='ltr'>tunc</span> <span class='ocrx_word' id='word_1_500' title='bbox 609 3816 736 3870; x_wconf 92' lang='lat' dir='ltr'>studium</span> <span class='ocrx_word' id='word_1_501' title='bbox 750 3832 809 3870; x_wconf 93' lang='lat' dir='ltr'>non</span> <span class='ocrx_word' id='word_1_502' title='bbox 823 3817 916 3887; x_wconf 89' lang='lat' dir='ltr'>philo·</span> <span class='ocrx_word' id='word_1_503' title='bbox 968 3809 1183 3877; x_wconf 66' lang='lat' dir='ltr'>Historia‚³11¹1⁰</span> <span class='ocrx_word' id='word_1_504' title='bbox 1199 3814 1289 3865; x_wconf 71' lang='lat'><strong>[⁶65⁸</strong></span> <span class='ocrx_word' id='word_1_505' title='bbox 1302 3827 1331 3863; x_wconf 79' lang='lat'>⁵⁰</span> <span class='ocrx_word' id='word_1_506' title='bbox 1342 3810 1494 3877; x_wconf 61' lang='lat' dir='ltr'>edilarlfflss</span> <span class='ocrx_word' id='word_1_507' title='bbox 1506 3816 1525 3877; x_wconf 71' lang='grc' dir='ltr'>Ι,</span> <span class='ocrx_word' id='word_1_508' title='bbox 1537 3832 1604 3886; x_wconf 67' lang='lat' dir='ltr'>pag·</span> <span class='ocrx_word' id='word_1_509' title='bbox 1616 3821 1703 3878; x_wconf 67' lang='lat' dir='ltr'>l*Olet</span> <span class='ocrx_word' id='word_1_510' title='bbox 1714 3843 1775 3898; x_wconf 77' lang='lat' dir='ltr'>seq.</span> 
     </span>
     <span class='ocr_line' id='line_1_71' title="bbox 107 3898 1777 3979; baseline 0.005 -18"><span class='ocrx_word' id='word_1_511' title='bbox 107 3907 240 3979; x_wconf 88' lang='lat' dir='ltr'>sophiam</span> <span class='ocrx_word' id='word_1_512' title='bbox 255 3906 358 3961; x_wconf 84' lang='lat' dir='ltr'>aliasve</span> <span class='ocrx_word' id='word_1_513' title='bbox 373 3905 489 3960; x_wconf 86' lang='lat' dir='ltr'>altiores</span> <span class='ocrx_word' id='word_1_514' title='bbox 503 3903 646 3970; x_wconf 87' lang='lat' dir='ltr'>scientias,</span> <span class='ocrx_word' id='word_1_515' title='bbox 666 3905 716 3959; x_wconf 91' lang='lat' dir='ltr'>sed</span> <span class='ocrx_word' id='word_1_516' title='bbox 739 3906 849 3959; x_wconf 87' lang='lat' dir='ltr'>litteras</span> <span class='ocrx_word' id='word_1_517' title='bbox 863 3906 917 3960; x_wconf 92' lang='lat' dir='ltr'>bu·</span> <span class='ocrx_word' id='word_1_518' title='bbox 969 3898 1062 3953; x_wconf 77' lang='lat' dir='ltr'>Caesar</span> <span class='ocrx_word' id='word_1_519' title='bbox 1077 3898 1207 3971; x_wconf 82' lang='lat' dir='ltr'>Egassius</span> <span class='ocrx_word' id='word_1_520' title='bbox 1220 3899 1338 3966; x_wconf 84' lang='lat' dir='ltr'>Bulaeus,</span> <span class='ocrx_word' id='word_1_521' title='bbox 1358 3900 1416 3971; x_wconf 89' lang='lat' dir='ltr'>qui,</span> <span class='ocrx_word' id='word_1_522' title='bbox 1433 3902 1499 3956; x_wconf 89' lang='lat' dir='ltr'>licet</span> <span class='ocrx_word' id='word_1_523' title='bbox 1511 3902 1647 3961; x_wconf 90' lang='lat' dir='ltr'>Sanctum</span> <span class='ocrx_word' id='word_1_524' title='bbox 1663 3912 1777 3972; x_wconf 86' lang='lat' dir='ltr'>Parisiis</span> 
     </span>
     <span class='ocr_line' id='line_1_72' title="bbox 108 3987 1775 4071; baseline 0.005 -23"><span class='ocrx_word' id='word_1_525' title='bbox 108 3995 266 4061; x_wconf 89' lang='lat' dir='ltr'>maniores,</span> <span class='ocrx_word' id='word_1_526' title='bbox 289 3994 392 4066; x_wconf 90' lang='lat' dir='ltr'>quibus</span> <span class='ocrx_word' id='word_1_527' title='bbox 406 3994 513 4061; x_wconf 74' lang='lat' dir='ltr'>lingua</span> <span class='ocrx_word' id='word_1_528' title='bbox 533 3993 790 4065; x_wconf 81' lang='lat' dir='ltr'>grammaticaque</span> <span class='ocrx_word' id='word_1_529' title='bbox 810 3994 918 4049; x_wconf 79' lang='lat' dir='ltr'>Latinae</span> <span class='ocrx_word' id='word_1_530' title='bbox 969 3987 1156 4059; x_wconf 74' lang='lat' dir='ltr'>philosophiae</span> <span class='ocrx_word' id='word_1_531' title='bbox 1169 3987 1340 4055; x_wconf 74' lang='lat' dir='ltr'>incaluisse,</span> <span class='ocrx_word' id='word_1_532' title='bbox 1360 3992 1459 4060; x_wconf 90' lang='lat' dir='ltr'>aperte</span> <span class='ocrx_word' id='word_1_533' title='bbox 1474 3990 1582 4045; x_wconf 90' lang='lat' dir='ltr'>ibidem</span> <span class='ocrx_word' id='word_1_534' title='bbox 1599 4012 1658 4051; x_wconf 89' lang='lat' dir='ltr'>non</span> <span class='ocrx_word' id='word_1_535' title='bbox 1673 4000 1775 4071; x_wconf 88' lang='lat' dir='ltr'>edicat,</span> 
     </span>
     <span class='ocr_line' id='line_1_73' title="bbox 106 4072 1776 4156; baseline 0.004 -20"><span class='ocrx_word' id='word_1_536' title='bbox 106 4083 235 4137; x_wconf 83' lang='lat' dir='ltr'>studium</span> <span class='ocrx_word' id='word_1_537' title='bbox 251 4082 517 4153; x_wconf 88' lang='lat' dir='ltr'>comprehenditur,</span> <span class='ocrx_word' id='word_1_538' title='bbox 528 4081 754 4149; x_wconf 89' lang='lat' dir='ltr'>verosimillime,</span> <span class='ocrx_word' id='word_1_539' title='bbox 772 4082 916 4154; x_wconf 79' lang='lat' dir='ltr'>iutelligit.</span> <span class='ocrx_word' id='word_1_540' title='bbox 968 4073 1036 4127; x_wconf 64' lang='grc'>5008</span> <span class='ocrx_word' id='word_1_541' title='bbox 1051 4077 1149 4127; x_wconf 66' lang='lat' dir='ltr'>lamen</span> <span class='ocrx_word' id='word_1_542' title='bbox 1164 4072 1193 4127; x_wconf 73' lang='lat' dir='ltr'>id</span> <span class='ocrx_word' id='word_1_543' title='bbox 1216 4073 1333 4141; x_wconf 57' lang='grc'>010000,</span> <span class='ocrx_word' id='word_1_544' title='bbox 1356 4074 1472 4147; x_wconf 65' lang='lat' dir='ltr'>(tuique,</span> <span class='ocrx_word' id='word_1_545' title='bbox 1498 4079 1575 4149; x_wconf 91' lang='lat' dir='ltr'>quod</span> <span class='ocrx_word' id='word_1_546' title='bbox 1597 4083 1698 4156; x_wconf 83' lang='lat' dir='ltr'>reliqui</span> <span class='ocrx_word' id='word_1_547' title='bbox 1718 4105 1776 4144; x_wconf 91' lang='lat' dir='ltr'>nun</span> 
     </span>
    </p>

    <p class='ocr_par' dir='ltr' id='par_1_21' title="bbox 108 4160 1779 4503">
     <span class='ocr_line' id='line_1_74' title="bbox 144 4160 1777 4240; baseline 0.006 -16"><span class='ocrx_word' id='word_1_548' title='bbox 144 4174 189 4224; x_wconf 75' lang='lat'>55.</span> <span class='ocrx_word' id='word_1_549' title='bbox 200 4171 233 4223; x_wconf 82' lang='lat' dir='ltr'>Et</span> <span class='ocrx_word' id='word_1_550' title='bbox 243 4186 309 4224; x_wconf 87' lang='lat' dir='ltr'>vero</span> <span class='ocrx_word' id='word_1_551' title='bbox 320 4169 469 4236; x_wconf 88' lang='lat' dir='ltr'>Sanctum,</span> <span class='ocrx_word' id='word_1_552' title='bbox 481 4168 540 4240; x_wconf 89' lang='lat' dir='ltr'>qui,</span> <span class='ocrx_word' id='word_1_553' title='bbox 548 4185 614 4222; x_wconf 90' lang='lat' dir='ltr'>curn</span> <span class='ocrx_word' id='word_1_554' title='bbox 620 4168 734 4239; x_wconf 87' lang='lat' dir='ltr'>juvenis</span> <span class='ocrx_word' id='word_1_555' title='bbox 747 4169 917 4237; x_wconf 90' lang='lat' dir='ltr'>admodum,</span> <span class='ocrx_word' id='word_1_556' title='bbox 969 4160 1087 4227; x_wconf 65' lang='lat' dir='ltr'>fatiunt,</span> <span class='ocrx_word' id='word_1_557' title='bbox 1108 4161 1277 4233; x_wconf 68' lang='lat' dir='ltr'>Opissiffltssffl</span> <span class='ocrx_word' id='word_1_558' title='bbox 1299 4177 1391 4223; x_wconf 80' lang='lat' dir='ltr'>suum.</span> <span class='ocrx_word' id='word_1_559' title='bbox 1407 4180 1463 4235; x_wconf 68' lang='lat' dir='ltr'>quo</span> <span class='ocrx_word' id='word_1_560' title='bbox 1480 4170 1620 4235; x_wconf 78' lang='lat' dir='ltr'>preterea</span> <span class='ocrx_word' id='word_1_561' title='bbox 1639 4171 1777 4233; x_wconf 85' lang='lat' dir='ltr'>Sanctum</span> 
     </span>
     <span class='ocr_line' id='line_1_75' title="bbox 108 4248 1776 4324; baseline 0.013 -28"><span class='ocrx_word' id='word_1_562' title='bbox 108 4259 140 4311; x_wconf 65' lang='lat' dir='ltr'>ut</span> <span class='ocrx_word' id='word_1_563' title='bbox 154 4257 275 4324; x_wconf 57' lang='lat' dir='ltr'>dietum,</span> <span class='ocrx_word' id='word_1_564' title='bbox 305 4256 402 4311; x_wconf 66' lang='lat' dir='ltr'>Remis</span> <span class='ocrx_word' id='word_1_565' title='bbox 420 4255 571 4321; x_wconf 64' lang='lat' dir='ltr'>studuerit,</span> <span class='ocrx_word' id='word_1_566' title='bbox 588 4255 813 4323; x_wconf 66' lang='lat' dir='ltr'>verosjmjnij</span> <span class='ocrx_word' id='word_1_567' title='bbox 836 4252 956 4315; x_wconf 42' lang='lat' dir='ltr'>aaran</span> <span class='ocrx_word' id='word_1_568' title='bbox 969 4249 1082 4303; x_wconf 89' lang='lat' dir='ltr'>Parisiis</span> <span class='ocrx_word' id='word_1_569' title='bbox 1102 4248 1241 4313; x_wconf 89' lang='lat' dir='ltr'>docuisse,</span> <span class='ocrx_word' id='word_1_570' title='bbox 1258 4253 1399 4316; x_wconf 88' lang='lat' dir='ltr'>autumat,</span> <span class='ocrx_word' id='word_1_571' title='bbox 1413 4252 1536 4322; x_wconf 90' lang='lat' dir='ltr'>probare</span> <span class='ocrx_word' id='word_1_572' title='bbox 1559 4255 1646 4311; x_wconf 87' lang='lat' dir='ltr'>etiam</span> <span class='ocrx_word' id='word_1_573' title='bbox 1666 4263 1776 4318; x_wconf 90' lang='lat' dir='ltr'>nititur.</span> 
     </span>
     <span class='ocr_line' id='line_1_76' title="bbox 108 4335 1779 4417; baseline 0.007 -19"><span class='ocrx_word' id='word_1_574' title='bbox 108 4360 197 4417; x_wconf 85' lang='lat' dir='ltr'>quern</span> <span class='ocrx_word' id='word_1_575' title='bbox 210 4343 265 4399; x_wconf 87' lang='lat' dir='ltr'>hoe</span> <span class='ocrx_word' id='word_1_576' title='bbox 285 4344 402 4411; x_wconf 86' lang='lat' dir='ltr'>laceret,</span> <span class='ocrx_word' id='word_1_577' title='bbox 419 4359 472 4397; x_wconf 87' lang='lat' dir='ltr'>nec</span> <span class='ocrx_word' id='word_1_578' title='bbox 487 4342 610 4409; x_wconf 91' lang='lat' dir='ltr'>Parisiis,</span> <span class='ocrx_word' id='word_1_579' title='bbox 632 4343 730 4396; x_wconf 90' lang='lat' dir='ltr'>necin</span> <span class='ocrx_word' id='word_1_580' title='bbox 747 4343 918 4399; x_wconf 85' lang='lat' dir='ltr'>aliaGallia·</span> <span class='ocrx_word' id='word_1_581' title='bbox 1004 4342 1048 4392; x_wconf 78' lang='grc'>57·</span> <span class='ocrx_word' id='word_1_582' title='bbox 1065 4339 1104 4390; x_wconf 66' lang='lat' dir='ltr'>AC</span> <span class='ocrx_word' id='word_1_583' title='bbox 1126 4336 1164 4390; x_wconf 77' lang='grc'>00</span> <span class='ocrx_word' id='word_1_584' title='bbox 1188 4337 1217 4390; x_wconf 66' lang='lat' dir='ltr'>ld</span> <span class='ocrx_word' id='word_1_585' title='bbox 1232 4335 1350 4407; x_wconf 76' lang='lat' dir='ltr'>‘lUidem</span> <span class='ocrx_word' id='word_1_586' title='bbox 1376 4341 1433 4392; x_wconf 69' lang='grc'>[000</span> <span class='ocrx_word' id='word_1_587' title='bbox 1457 4341 1636 4411; x_wconf 67' lang='lat' dir='ltr'>0⁰¹1j⁰t²l¹1ra³</span> <span class='ocrx_word' id='word_1_588' title='bbox 1661 4349 1779 4407; x_wconf 75' lang='lat' dir='ltr'>adhibet</span> 
     </span>
     <span class='ocr_line' id='line_1_77' title="bbox 108 4424 1779 4503; baseline 0.005 -17"><span class='ocrx_word' id='word_1_589' title='bbox 108 4432 400 4487; x_wconf 87' lang='lat' dir='ltr'>rumcivitatelitteris</span> <span class='ocrx_word' id='word_1_590' title='bbox 410 4447 529 4503; x_wconf 88' lang='lat' dir='ltr'>operam</span> <span class='ocrx_word' id='word_1_591' title='bbox 540 4430 661 4489; x_wconf 87' lang='lat' dir='ltr'>dederit,</span> <span class='ocrx_word' id='word_1_592' title='bbox 671 4429 798 4502; x_wconf 89' lang='lat' dir='ltr'>politiori</span> <span class='ocrx_word' id='word_1_593' title='bbox 809 4431 918 4485; x_wconf 88' lang='lat' dir='ltr'>littera·</span> <span class='ocrx_word' id='word_1_594' title='bbox 969 4427 1103 4492; x_wconf 87' lang='lat' dir='ltr'>diversas,</span> <span class='ocrx_word' id='word_1_595' title='bbox 1119 4424 1255 4479; x_wconf 90' lang='lat' dir='ltr'>Omnium</span> <span class='ocrx_word' id='word_1_596' title='bbox 1268 4429 1533 4496; x_wconf 88' lang='lat' dir='ltr'>postrcmam,eum</span> <span class='ocrx_word' id='word_1_597' title='bbox 1545 4434 1656 4489; x_wconf 85' lang='lat' dir='ltr'>tantum</span> <span class='ocrx_word' id='word_1_598' title='bbox 1673 4455 1707 4493; x_wconf 91' lang='lat' dir='ltr'>co</span> <span class='ocrx_word' id='word_1_599' title='bbox 1718 4444 1779 4495; x_wconf 92' lang='lat' dir='ltr'>ten·</span> 
     </span>
    </p>
   </div>
   <div class='ocr_carea' id='block_1_13' title="bbox 107 4517 918 5552">
    <p class='ocr_par' dir='ltr' id='par_1_22' title="bbox 107 4517 918 5552">
     <span class='ocr_line' id='line_1_78' title="bbox 109 4517 917 4587; baseline -0.001 -14"><span class='ocrx_word' id='word_1_600' title='bbox 109 4523 231 4574; x_wconf 89' lang='lat' dir='ltr'>turaseu</span> <span class='ocrx_word' id='word_1_601' title='bbox 241 4517 567 4573; x_wconf 82' lang='lat' dir='ltr'>humanioribuslitteris</span> <span class='ocrx_word' id='word_1_602' title='bbox 577 4533 637 4572; x_wconf 89' lang='lat' dir='ltr'>sesc</span> <span class='ocrx_word' id='word_1_603' title='bbox 646 4518 743 4572; x_wconf 85' lang='lat' dir='ltr'>Remis</span> <span class='ocrx_word' id='word_1_604' title='bbox 753 4518 917 4587; x_wconf 86' lang='lat' dir='ltr'>excoluisse,</span> 
     </span>
     <span class='ocr_line' id='line_1_79' title="bbox 109 4604 917 4676; baseline 0.001 -16"><span class='ocrx_word' id='word_1_605' title='bbox 109 4605 225 4676; x_wconf 88' lang='lat' dir='ltr'>ipsimet</span> <span class='ocrx_word' id='word_1_606' title='bbox 237 4605 365 4659; x_wconf 84' lang='lat' dir='ltr'>Historiae</span> <span class='ocrx_word' id='word_1_607' title='bbox 376 4604 522 4659; x_wconf 86' lang='lat' dir='ltr'>litterariae</span> <span class='ocrx_word' id='word_1_608' title='bbox 533 4604 659 4658; x_wconf 76' lang='lat' dir='ltr'>Francia</span> <span class='ocrx_word' id='word_1_609' title='bbox 674 4605 827 4675; x_wconf 88' lang='lat' dir='ltr'>scriptores</span> <span class='ocrx_word' id='word_1_610' title='bbox 841 4606 917 4661; x_wconf 92' lang='lat' dir='ltr'>loeo-</span> 
     </span>
     <span class='ocr_line' id='line_1_80' title="bbox 109 4690 918 4768; baseline 0 -22"><span class='ocrx_word' id='word_1_611' title='bbox 109 4709 197 4764; x_wconf 87' lang='lat' dir='ltr'>snpra</span> <span class='ocrx_word' id='word_1_612' title='bbox 210 4693 257 4746; x_wconf 87' lang='lat' dir='ltr'>cit.</span> <span class='ocrx_word' id='word_1_613' title='bbox 276 4707 334 4746; x_wconf 89' lang='lat' dir='ltr'>non</span> <span class='ocrx_word' id='word_1_614' title='bbox 354 4692 473 4768; x_wconf 76' lang='lat' dir='ltr'>obscure</span> <span class='ocrx_word' id='word_1_615' title='bbox 493 4690 607 4757; x_wconf 89' lang='lat' dir='ltr'>docent,</span> <span class='ocrx_word' id='word_1_616' title='bbox 636 4691 715 4761; x_wconf 89' lang='lat' dir='ltr'>poesi</span> <span class='ocrx_word' id='word_1_617' title='bbox 730 4691 811 4744; x_wconf 94' lang='lat' dir='ltr'>illum</span> <span class='ocrx_word' id='word_1_618' title='bbox 837 4709 918 4764; x_wconf 87' lang='lat' dir='ltr'>aeque</span> 
     </span>
     <span class='ocr_line' id='line_1_81' title="bbox 108 4777 916 4851; baseline -0.002 -16"><span class='ocrx_word' id='word_1_619' title='bbox 108 4779 230 4847; x_wconf 89' lang='lat' dir='ltr'>ibidem,</span> <span class='ocrx_word' id='word_1_620' title='bbox 256 4795 345 4851; x_wconf 87' lang='lat' dir='ltr'>quam</span> <span class='ocrx_word' id='word_1_621' title='bbox 369 4778 432 4832; x_wconf 89' lang='lat' dir='ltr'>aliis</span> <span class='ocrx_word' id='word_1_622' title='bbox 446 4777 569 4844; x_wconf 89' lang='lat' dir='ltr'>scientis,</span> <span class='ocrx_word' id='word_1_623' title='bbox 587 4780 619 4831; x_wconf 93' lang='lat' dir='ltr'>nt</span> <span class='ocrx_word' id='word_1_624' title='bbox 639 4777 702 4844; x_wconf 82' lang='lat' dir='ltr'>aevi,</span> <span class='ocrx_word' id='word_1_625' title='bbox 723 4794 780 4849; x_wconf 91' lang='lat' dir='ltr'>quo</span> <span class='ocrx_word' id='word_1_626' title='bbox 796 4780 916 4848; x_wconf 86' lang='lat' dir='ltr'>vivebat,</span> 
     </span>
     <span class='ocr_line' id='line_1_82' title="bbox 109 4865 917 4933; baseline -0.001 -12"><span class='ocrx_word' id='word_1_627' title='bbox 109 4866 302 4932; x_wconf 83' lang='lat' dir='ltr'>mosterebat,</span> <span class='ocrx_word' id='word_1_628' title='bbox 316 4865 485 4933; x_wconf 90' lang='lat' dir='ltr'>incubuisse,</span> <span class='ocrx_word' id='word_1_629' title='bbox 499 4868 704 4931; x_wconf 86' lang='lat' dir='ltr'>asseverantes,</span> <span class='ocrx_word' id='word_1_630' title='bbox 718 4868 748 4918; x_wconf 91' lang='lat' dir='ltr'>ut</span> <span class='ocrx_word' id='word_1_631' title='bbox 758 4866 917 4922; x_wconf 90' lang='lat' dir='ltr'>verosimil-</span> 
     </span>
     <span class='ocr_line' id='line_1_83' title="bbox 107 4951 918 5028; baseline 0 -20"><span class='ocrx_word' id='word_1_632' title='bbox 107 4955 189 5021; x_wconf 90' lang='lat' dir='ltr'>lime,</span> <span class='ocrx_word' id='word_1_633' title='bbox 205 4953 276 5007; x_wconf 92' lang='lat' dir='ltr'>dum</span> <span class='ocrx_word' id='word_1_634' title='bbox 291 4968 344 5023; x_wconf 88' lang='lat' dir='ltr'>pro</span> <span class='ocrx_word' id='word_1_635' title='bbox 360 4951 494 5019; x_wconf 89' lang='lat' dir='ltr'>scientiis,</span> <span class='ocrx_word' id='word_1_636' title='bbox 506 4952 800 5008; x_wconf 77' lang='lat' dir='ltr'>aBrunoneColoniae</span> <span class='ocrx_word' id='word_1_637' title='bbox 815 4955 918 5028; x_wconf 78' lang='lat' dir='ltr'>Agrip-</span> 
     </span>
     <span class='ocr_line' id='line_1_84' title="bbox 109 5040 918 5113; baseline 0.002 -18"><span class='ocrx_word' id='word_1_638' title='bbox 109 5041 186 5111; x_wconf 79' lang='lat' dir='ltr'>pina</span> <span class='ocrx_word' id='word_1_639' title='bbox 199 5041 318 5105; x_wconf 87' lang='lat' dir='ltr'>haustis,</span> <span class='ocrx_word' id='word_1_640' title='bbox 334 5040 394 5111; x_wconf 87' lang='lat' dir='ltr'>ejus</span> <span class='ocrx_word' id='word_1_641' title='bbox 409 5040 484 5112; x_wconf 88' lang='lat' dir='ltr'>apud</span> <span class='ocrx_word' id='word_1_642' title='bbox 500 5040 647 5094; x_wconf 78' lang='lat' dir='ltr'>labbeum</span> <span class='ocrx_word' id='word_1_643' title='bbox 662 5044 776 5095; x_wconf 88' lang='lat' dir='ltr'>exstans</span> <span class='ocrx_word' id='word_1_644' title='bbox 790 5043 918 5113; x_wconf 85' lang='lat' dir='ltr'>elogium</span> 
     </span>
     <span class='ocr_line' id='line_1_85' title="bbox 109 5128 918 5203; baseline 0.005 -19"><span class='ocrx_word' id='word_1_645' title='bbox 109 5131 174 5184; x_wconf 88' lang='lat' dir='ltr'>loco</span> <span class='ocrx_word' id='word_1_646' title='bbox 189 5146 276 5202; x_wconf 88' lang='lat' dir='ltr'>supra</span> <span class='ocrx_word' id='word_1_647' title='bbox 286 5128 333 5184; x_wconf 87' lang='lat' dir='ltr'>eit.</span> <span class='ocrx_word' id='word_1_648' title='bbox 351 5129 480 5196; x_wconf 86' lang='lat' dir='ltr'>laudant,</span> <span class='ocrx_word' id='word_1_649' title='bbox 493 5129 589 5183; x_wconf 91' lang='lat' dir='ltr'>minus</span> <span class='ocrx_word' id='word_1_650' title='bbox 599 5145 632 5183; x_wconf 84' lang='lat' dir='ltr'>ex</span> <span class='ocrx_word' id='word_1_651' title='bbox 648 5130 712 5198; x_wconf 88' lang='lat' dir='ltr'>hoc,</span> <span class='ocrx_word' id='word_1_652' title='bbox 725 5148 813 5203; x_wconf 89' lang='lat' dir='ltr'>quarn</span> <span class='ocrx_word' id='word_1_653' title='bbox 826 5133 918 5188; x_wconf 89' lang='lat' dir='ltr'>verbis</span> 
     </span>
     <span class='ocr_line' id='line_1_86' title="bbox 110 5214 918 5291; baseline 0.005 -20"><span class='ocrx_word' id='word_1_654' title='bbox 110 5216 169 5271; x_wconf 89' lang='lat' dir='ltr'>suis</span> <span class='ocrx_word' id='word_1_655' title='bbox 178 5216 315 5283; x_wconf 90' lang='lat' dir='ltr'>indicent,</span> <span class='ocrx_word' id='word_1_656' title='bbox 323 5214 478 5271; x_wconf 88' lang='lat' dir='ltr'>deductum</span> <span class='ocrx_word' id='word_1_657' title='bbox 486 5217 638 5284; x_wconf 89' lang='lat' dir='ltr'>voluerint,</span> <span class='ocrx_word' id='word_1_658' title='bbox 647 5222 696 5272; x_wconf 86' lang='lat' dir='ltr'>aut</span> <span class='ocrx_word' id='word_1_659' title='bbox 705 5223 794 5285; x_wconf 88' lang='lat' dir='ltr'>certe,</span> <span class='ocrx_word' id='word_1_660' title='bbox 806 5220 874 5291; x_wconf 91' lang='lat' dir='ltr'>quid</span> <span class='ocrx_word' id='word_1_661' title='bbox 884 5237 918 5275; x_wconf 88' lang='lat' dir='ltr'>ex</span> 
     </span>
     <span class='ocr_line' id='line_1_87' title="bbox 109 5304 917 5379; baseline 0.006 -20"><span class='ocrx_word' id='word_1_662' title='bbox 109 5320 145 5359; x_wconf 87' lang='lat' dir='ltr'>eo</span> <span class='ocrx_word' id='word_1_663' title='bbox 156 5307 391 5376; x_wconf 87' lang='lat' dir='ltr'>consequeretur,</span> <span class='ocrx_word' id='word_1_664' title='bbox 407 5304 502 5359; x_wconf 92' lang='lat' dir='ltr'>minus</span> <span class='ocrx_word' id='word_1_665' title='bbox 517 5306 722 5379; x_wconf 81' lang='lat' dir='ltr'>perspexerint.</span> <span class='ocrx_word' id='word_1_666' title='bbox 740 5309 829 5363; x_wconf 91' lang='lat' dir='ltr'>Purro</span> <span class='ocrx_word' id='word_1_667' title='bbox 845 5309 917 5364; x_wconf 91' lang='lat' dir='ltr'>San·</span> 
     </span>
     <span class='ocr_line' id='line_1_88' title="bbox 110 5392 917 5465; baseline 0.006 -18"><span class='ocrx_word' id='word_1_668' title='bbox 110 5395 174 5447; x_wconf 83' lang='lat' dir='ltr'>ctus</span> <span class='ocrx_word' id='word_1_669' title='bbox 190 5395 271 5447; x_wconf 86' lang='lat' dir='ltr'>tanto</span> <span class='ocrx_word' id='word_1_670' title='bbox 284 5392 388 5447; x_wconf 86' lang='lat' dir='ltr'>ardore</span> <span class='ocrx_word' id='word_1_671' title='bbox 401 5395 539 5465; x_wconf 85' lang='lat' dir='ltr'>tantoque</span> <span class='ocrx_word' id='word_1_672' title='bbox 554 5410 683 5449; x_wconf 88' lang='lat' dir='ltr'>successu</span> <span class='ocrx_word' id='word_1_673' title='bbox 698 5395 917 5452; x_wconf 86' lang='lat' dir='ltr'>humanioribus</span> 
     </span>
     <span class='ocr_line' id='line_1_89' title="bbox 111 5479 918 5552; baseline 0.004 -15"><span class='ocrx_word' id='word_1_674' title='bbox 111 5479 216 5537; x_wconf 82' lang='lat' dir='ltr'>titteris</span> <span class='ocrx_word' id='word_1_675' title='bbox 229 5479 394 5552; x_wconf 79' lang='lat' dir='ltr'>seulinguae</span> <span class='ocrx_word' id='word_1_676' title='bbox 409 5479 517 5538; x_wconf 73' lang='lat' dir='ltr'>Latine</span> <span class='ocrx_word' id='word_1_677' title='bbox 525 5481 618 5538; x_wconf 89' lang='lat' dir='ltr'>studio</span> <span class='ocrx_word' id='word_1_678' title='bbox 626 5499 687 5539; x_wconf 87' lang='lat' dir='ltr'>sese</span> <span class='ocrx_word' id='word_1_679' title='bbox 698 5484 792 5539; x_wconf 92' lang='lat' dir='ltr'>totum</span> <span class='ocrx_word' id='word_1_680' title='bbox 803 5483 832 5538; x_wconf 93' lang='lat' dir='ltr'>in</span> <span class='ocrx_word' id='word_1_681' title='bbox 843 5485 918 5540; x_wconf 86' lang='lat' dir='ltr'>cele·</span> 
     </span>
    </p>
   </div>
   <div class='ocr_carea' id='block_1_14' title="bbox 968 4513 1778 5563">
    <p class='ocr_par' dir='ltr' id='par_1_23' title="bbox 968 4513 1778 5563">
     <span class='ocr_line' id='line_1_90' title="bbox 969 4513 1778 4587; baseline 0.017 -17"><span class='ocrx_word' id='word_1_682' title='bbox 969 4515 1028 4582; x_wconf 90' lang='lat' dir='ltr'>dat,</span> <span class='ocrx_word' id='word_1_683' title='bbox 1056 4517 1086 4567; x_wconf 90' lang='lat' dir='ltr'>ut</span> <span class='ocrx_word' id='word_1_684' title='bbox 1109 4513 1246 4568; x_wconf 88' lang='lat' dir='ltr'>Sanctum</span> <span class='ocrx_word' id='word_1_685' title='bbox 1273 4514 1401 4582; x_wconf 87' lang='lat' dir='ltr'>Parisiis,</span> <span class='ocrx_word' id='word_1_686' title='bbox 1426 4517 1503 4587; x_wconf 90' lang='lat' dir='ltr'>quod</span> <span class='ocrx_word' id='word_1_687' title='bbox 1525 4518 1601 4574; x_wconf 84' lang='lat' dir='ltr'>intra</span> <span class='ocrx_word' id='word_1_688' title='bbox 1629 4522 1778 4584; x_wconf 84' lang='lat' dir='ltr'>dumtaxat</span> 
     </span>
     <span class='ocr_line' id='line_1_91' title="bbox 969 4600 1777 4677; baseline 0.016 -21"><span class='ocrx_word' id='word_1_689' title='bbox 969 4600 1191 4666; x_wconf 89' lang='lat' dir='ltr'>discutiendum,</span> <span class='ocrx_word' id='word_1_690' title='bbox 1202 4600 1329 4655; x_wconf 86' lang='lat' dir='ltr'>docuisse</span> <span class='ocrx_word' id='word_1_691' title='bbox 1343 4603 1446 4672; x_wconf 88' lang='lat' dir='ltr'>probet</span> <span class='ocrx_word' id='word_1_692' title='bbox 1460 4607 1661 4677; x_wconf 74' lang='lat' dir='ltr'>praetermitto,</span> <span class='ocrx_word' id='word_1_693' title='bbox 1672 4615 1777 4669; x_wconf 92' lang='lat' dir='ltr'>solum·</span> 
     </span>
     <span class='ocr_line' id='line_1_92' title="bbox 969 4689 1777 4772; baseline 0.016 -28"><span class='ocrx_word' id='word_1_694' title='bbox 969 4707 1024 4762; x_wconf 88' lang='lat' dir='ltr'>que</span> <span class='ocrx_word' id='word_1_695' title='bbox 1037 4689 1107 4744; x_wconf 88' lang='lat' dir='ltr'>duas</span> <span class='ocrx_word' id='word_1_696' title='bbox 1117 4690 1241 4761; x_wconf 88' lang='lat' dir='ltr'>reliquas</span> <span class='ocrx_word' id='word_1_697' title='bbox 1252 4693 1396 4745; x_wconf 87' lang='lat' dir='ltr'>examino.</span> <span class='ocrx_word' id='word_1_698' title='bbox 1411 4692 1516 4747; x_wconf 83' lang='lat' dir='ltr'>lterum</span> <span class='ocrx_word' id='word_1_699' title='bbox 1539 4698 1680 4764; x_wconf 87' lang='lat' dir='ltr'>posterior</span> <span class='ocrx_word' id='word_1_700' title='bbox 1696 4722 1710 4752; x_wconf 92' lang='lat'>«</span> <span class='ocrx_word' id='word_1_701' title='bbox 1729 4718 1777 4772; x_wconf 87' lang='lat' dir='ltr'>po-</span> 
     </span>
     <span class='ocr_line' id='line_1_93' title="bbox 968 4779 1776 4863; baseline 0.017 -30"><span class='ocrx_word' id='word_1_702' title='bbox 968 4779 1037 4834; x_wconf 88' lang='lat' dir='ltr'>titur</span> <span class='ocrx_word' id='word_1_703' title='bbox 1053 4779 1150 4849; x_wconf 86' lang='lat' dir='ltr'>(verba</span> <span class='ocrx_word' id='word_1_704' title='bbox 1170 4780 1237 4832; x_wconf 88' lang='lat' dir='ltr'>sunt</span> <span class='ocrx_word' id='word_1_705' title='bbox 1251 4779 1347 4845; x_wconf 81' lang='lat' dir='ltr'>Bulaei)</span> <span class='ocrx_word' id='word_1_706' title='bbox 1364 4797 1397 4834; x_wconf 82' lang='lat' dir='ltr'>cr</span> <span class='ocrx_word' id='word_1_707' title='bbox 1420 4784 1536 4837; x_wconf 90' lang='lat' dir='ltr'>auctore</span> <span class='ocrx_word' id='word_1_708' title='bbox 1552 4801 1709 4857; x_wconf 89' lang='lat' dir='ltr'>anonymo,</span> <span class='ocrx_word' id='word_1_709' title='bbox 1726 4793 1776 4863; x_wconf 89' lang='lat' dir='ltr'>qui</span> 
     </span>
     <span class='ocr_line' id='line_1_94' title="bbox 969 4867 1776 4947; baseline 0.015 -26"><span class='ocrx_word' id='word_1_710' title='bbox 969 4867 1120 4923; x_wconf 87' lang='lat' dir='ltr'>Historiam</span> <span class='ocrx_word' id='word_1_711' title='bbox 1136 4883 1152 4920; x_wconf 87' lang='lat' dir='ltr'>a</span> <span class='ocrx_word' id='word_1_712' title='bbox 1168 4867 1293 4922; x_wconf 85' lang='lat' dir='ltr'>Roberto</span> <span class='ocrx_word' id='word_1_713' title='bbox 1308 4869 1345 4922; x_wconf 90' lang='lat' dir='ltr'>ad</span> <span class='ocrx_word' id='word_1_714' title='bbox 1371 4873 1496 4925; x_wconf 89' lang='lat' dir='ltr'>mortem</span> <span class='ocrx_word' id='word_1_715' title='bbox 1515 4890 1604 4944; x_wconf 88' lang='lat' dir='ltr'>usquo</span> <span class='ocrx_word' id='word_1_716' title='bbox 1629 4876 1776 4947; x_wconf 89' lang='lat' dir='ltr'>Philippii</span> 
     </span>
     <span class='ocr_line' id='line_1_95' title="bbox 969 4953 1773 5033; baseline 0.014 -24"><span class='ocrx_word' id='word_1_717' title='bbox 969 4954 1110 5027; x_wconf 88' lang='lat' dir='ltr'>perduxit,</span> <span class='ocrx_word' id='word_1_718' title='bbox 1121 4953 1226 5026; x_wconf 89' lang='lat' dir='ltr'>quique</span> <span class='ocrx_word' id='word_1_719' title='bbox 1243 4955 1409 5025; x_wconf 84' lang='lat' dir='ltr'>Brunonem</span> <span class='ocrx_word' id='word_1_720' title='bbox 1422 4958 1501 5012; x_wconf 88' lang='lat' dir='ltr'>novit</span> <span class='ocrx_word' id='word_1_721' title='bbox 1515 4962 1565 5013; x_wconf 90' lang='lat' dir='ltr'>aut</span> <span class='ocrx_word' id='word_1_722' title='bbox 1578 4976 1661 5014; x_wconf 89' lang='lat' dir='ltr'>nosse</span> <span class='ocrx_word' id='word_1_723' title='bbox 1671 4966 1773 5033; x_wconf 88' lang='lat' dir='ltr'>potuit.</span> 
     </span>
     <span class='ocr_line' id='line_1_96' title="bbox 968 5044 1777 5117; baseline 0.015 -21"><span class='ocrx_word' id='word_1_724' title='bbox 968 5044 1017 5097; x_wconf 91' lang='lat' dir='ltr'>llle</span> <span class='ocrx_word' id='word_1_725' title='bbox 1031 5046 1126 5097; x_wconf 91' lang='lat' dir='ltr'>autem</span> <span class='ocrx_word' id='word_1_726' title='bbox 1140 5044 1173 5096; x_wconf 94' lang='lat' dir='ltr'>iis</span> <span class='ocrx_word' id='word_1_727' title='bbox 1186 5059 1253 5097; x_wconf 90' lang='lat' dir='ltr'>eum</span> <span class='ocrx_word' id='word_1_728' title='bbox 1266 5048 1407 5111; x_wconf 89' lang='lat' dir='ltr'>accenset,</span> <span class='ocrx_word' id='word_1_729' title='bbox 1419 5062 1491 5117; x_wconf 87' lang='lat' dir='ltr'>quos</span> <span class='ocrx_word' id='word_1_730' title='bbox 1504 5062 1593 5117; x_wconf 88' lang='lat' dir='ltr'>prope</span> <span class='ocrx_word' id='word_1_731' title='bbox 1608 5052 1720 5104; x_wconf 88' lang='lat' dir='ltr'>certum</span> <span class='ocrx_word' id='word_1_732' title='bbox 1733 5057 1777 5108; x_wconf 86' lang='lat' dir='ltr'>est</span> 
     </span>
     <span class='ocr_line' id='line_1_97' title="bbox 968 5129 1774 5206; baseline 0.012 -23"><span class='ocrx_word' id='word_1_733' title='bbox 968 5129 1106 5184; x_wconf 91' lang='lat' dir='ltr'>studuisse</span> <span class='ocrx_word' id='word_1_734' title='bbox 1122 5132 1152 5184; x_wconf 90' lang='lat' dir='ltr'>et</span> <span class='ocrx_word' id='word_1_735' title='bbox 1170 5130 1298 5185; x_wconf 85' lang='lat' dir='ltr'>docuisse</span> <span class='ocrx_word' id='word_1_736' title='bbox 1315 5132 1436 5186; x_wconf 87' lang='lat' dir='ltr'>Parisiis.</span> <span class='ocrx_word' id='word_1_737' title='bbox 1454 5155 1468 5182; x_wconf 75' lang='grc' dir='ltr'>ιι</span> <span class='ocrx_word' id='word_1_738' title='bbox 1484 5132 1540 5186; x_wconf 88' lang='lat' dir='ltr'>tloc</span> <span class='ocrx_word' id='word_1_739' title='bbox 1552 5135 1718 5206; x_wconf 65' lang='lat' dir='ltr'>tempora»</span> <span class='ocrx_word' id='word_1_740' title='bbox 1730 5139 1774 5194; x_wconf 89' lang='lat' dir='ltr'>in-</span> 
     </span>
     <span class='ocr_line' id='line_1_98' title="bbox 968 5219 1771 5298; baseline 0.014 -27"><span class='ocrx_word' id='word_1_741' title='bbox 968 5219 1039 5291; x_wconf 89' lang='lat' dir='ltr'>quit,</span> <span class='ocrx_word' id='word_1_742' title='bbox 1063 5234 1168 5290; x_wconf 89' lang='lat' dir='ltr'>nempe</span> <span class='ocrx_word' id='word_1_743' title='bbox 1186 5219 1261 5273; x_wconf 89' lang='lat' dir='ltr'>circa</span> <span class='ocrx_word' id='word_1_744' title='bbox 1276 5237 1385 5275; x_wconf 90' lang='lat' dir='ltr'>annum</span> <span class='ocrx_word' id='word_1_745' title='bbox 1413 5223 1488 5285; x_wconf 82' lang='lat' dir='ltr'>loeo,</span> <span class='ocrx_word' id='word_1_746' title='bbox 1504 5240 1518 5268; x_wconf 78' lang='lat' dir='ltr'>v</span> <span class='ocrx_word' id='word_1_747' title='bbox 1535 5223 1596 5275; x_wconf 89' lang='lat' dir='ltr'>tam</span> <span class='ocrx_word' id='word_1_748' title='bbox 1615 5222 1644 5277; x_wconf 95' lang='lat' dir='ltr'>in</span> <span class='ocrx_word' id='word_1_749' title='bbox 1666 5225 1771 5298; x_wconf 82' lang='lat' dir='ltr'>divina,</span> 
     </span>
     <span class='ocr_line' id='line_1_99' title="bbox 968 5305 1773 5377; baseline 0.017 -22"><span class='ocrx_word' id='word_1_750' title='bbox 968 5326 982 5355; x_wconf 90' lang='lat'>»</span> <span class='ocrx_word' id='word_1_751' title='bbox 999 5322 1086 5376; x_wconf 88' lang='lat' dir='ltr'>qnam</span> <span class='ocrx_word' id='word_1_752' title='bbox 1097 5305 1126 5360; x_wconf 94' lang='lat' dir='ltr'>in</span> <span class='ocrx_word' id='word_1_753' title='bbox 1136 5306 1266 5360; x_wconf 88' lang='lat' dir='ltr'>humana</span> <span class='ocrx_word' id='word_1_754' title='bbox 1280 5305 1458 5377; x_wconf 85' lang='lat' dir='ltr'>philosophia</span> <span class='ocrx_word' id='word_1_755' title='bbox 1469 5305 1773 5369; x_wconf 87' lang='lat' dir='ltr'>ilorueruntLanlran·</span> 
     </span>
     <span class='ocr_line' id='line_1_100' title="bbox 968 5393 1769 5471; baseline 0.017 -28"><span class='ocrx_word' id='word_1_756' title='bbox 968 5413 982 5443; x_wconf 71' lang='lat' dir='ltr'>a</span> <span class='ocrx_word' id='word_1_757' title='bbox 998 5409 1046 5447; x_wconf 88' lang='lat' dir='ltr'>cus</span> <span class='ocrx_word' id='word_1_758' title='bbox 1061 5393 1271 5448; x_wconf 85' lang='lat' dir='ltr'>Cantuariensis</span> <span class='ocrx_word' id='word_1_759' title='bbox 1281 5394 1438 5465; x_wconf 89' lang='lat' dir='ltr'>episeopus,</span> <span class='ocrx_word' id='word_1_760' title='bbox 1455 5394 1769 5471; x_wconf 76' lang='lat' dir='ltr'>Guidohangobardus,</span> 
     </span>
     <span class='ocr_line' id='line_1_101' title="bbox 968 5481 1769 5563; baseline 0.016 -28"><span class='ocrx_word' id='word_1_761' title='bbox 968 5504 982 5535; x_wconf 71' lang='grc' dir='ltr'>»ι</span> <span class='ocrx_word' id='word_1_762' title='bbox 998 5481 1183 5553; x_wconf 79' lang='lat' dir='ltr'>ttanigaudus</span> <span class='ocrx_word' id='word_1_763' title='bbox 1209 5481 1389 5549; x_wconf 80' lang='lat' dir='ltr'>Teutonicus,</span> <span class='ocrx_word' id='word_1_764' title='bbox 1418 5484 1513 5543; x_wconf 86' lang='lat' dir='ltr'>Bruno</span> <span class='ocrx_word' id='word_1_765' title='bbox 1537 5486 1695 5561; x_wconf 76' lang='lat' dir='ltr'>flamensis,</span> <span class='ocrx_word' id='word_1_766' title='bbox 1719 5491 1769 5563; x_wconf 82' lang='lat' dir='ltr'>qui</span> 
     </span>
    </p>
   </div>
   <div class='ocr_carea' id='block_1_15' title="bbox 0 0 1895 5976">
    <p class='ocr_par' dir='ltr' id='par_1_24' title="bbox 0 0 1895 5976">
     <span class='ocr_line' id='line_1_102' title="bbox 0 0 1895 5976; baseline 0 0"><span class='ocrx_word' id='word_1_767' title='bbox 0 0 1895 5976; x_wconf 95' lang='lat' dir='ltr'> </span> 
     </span>
    </p>
   </div>
  </div>
 </body>
</html>
