3772 5970
100 271 153 329 755

405 268 434 328 S.
454 269 628 330 BRUNONIS
647 271 968 331 canbnbsmnoabu
984 273 1218 332 lusmuroms
1238 274 1316 332 obe.
1339 274 1428 334 PARS
1449 279 1460 333 l

1718 276 1768 336 isa

102 390 167 449 acsi
182 388 271 448 dicat:
285 388 385 447 Deficit
398 390 429 447 in
450 391 538 448 «efficii
557 393 599 448 sui
614 394 763 462 exercitio,
780 412 839 451 non
854 411 905 451 au·
916 399 1148 463 Aterrenorum,
1164 395 1311 468 quaebene
1326 395 1460 452 dicuntur
1473 395 1625 463 circuitus,
1655 413 1694 452 eo
1714 414 1768 469 qua

104 483 165 536 tem
180 479 209 535 in
219 480 261 536 sui
270 481 402 536 essentia.
414 481 486 537 Nam
497 481 520 536 si
530 483 590 553 ejus
600 500 633 537 ex
645 487 704 538 tota
716 484 907 556 perimeretur

105 569 239 637 essentia,
256 587 315 625 non
332 573 406 624 esset
418 570 514 642 utiquc
530 576 679 643 perpetua.

142 658 265 729 Exponit
280 658 367 713 eliam
380 659 526 730 quomodo
545 660 691 716 sitoeulus
712 664 909 731 conturbatus,

107 746 162 802 sie:
179 749 251 802 Vera
262 750 432 802 careturbatus
451 756 488 803 est
502 750 603 818 aculus,
620 751 667 822 qui
685 756 715 806 et
727 752 815 807 virtus
830 769 910 808 meo-

108 853 174 892 rum
190 837 479 910 dicilur,proptersui
492 838 750 911 dignitatemNam
760 843 912 897 oirlusanea

109 926 140 986 id
154 929 197 988 est
211 926 284 984 ratio
306 942 449 994 meorum,
464 928 600 996 infirmata
614 935 650 982 cst
665 931 692 982 ln
700 937 867 1001 paupertate,
884 930 914 985 id

109 1024 162 1090 est,
179 1019 291 1075 laborat
304 1016 339 1071 ad
353 1015 473 1071 modum
488 1016 710 1084 infirmantium,
736 1023 855 1090 propter
869 1019 913 1072 in·

111 1109 272 1182 digentiam
280 1103 732 1178 plenaeeognitionislleiAEtquia
741 1107 829 1161 virtus
837 1106 914 1161 infir-

110 1202 190 1253 mata
204 1199 323 1263 est-‚assa
345 1212 402 1248 inea
421 1194 576 1248 conturbata
588 1202 660 1262 suaet,
681 1195 709 1249 id
725 1199 777 1260 est,
797 1196 915 1250 virtutes

111 1282 914 1356 meorumdebilitataesu11t3dicunturaulemossu,prop·

111 1379 156 1431 ter
169 1372 370 1430 fortitudinem
385 1387 473 1443 quam
488 1371 607 1437 habent,
624 1372 661 1428 ad
675 1372 797 1427 modum
809 1372 915 1427 ossium

112 1480 176 1535 quae
189 1462 311 1516 tortiora
326 1464 392 1515 sunt
406 1477 503 1515 carne.
525 1459 644 1515 Ostensa
658 1448 716 1515 uua
728 1477 813 1515 causa
826 1477 916 1531 quare

113 1552 218 1607 debeat
228 1549 367 1616 misereri,
384 1549 614 1621 scilicctpropter
631 1566 732 1604 eorum
749 1548 915 1604 tribulatio·

113 1656 181 1694 nem
199 1656 206 1694 ι
223 1639 309 1694 aliam
322 1637 481 1711 subjungit,
506 1638 679 1708 passionem,
693 1637 823 1693 videlicet
834 1655 916 1692 suam

958 501 1106 556 nunquam
1119 484 1204 539 firma
1218 489 1294 551 sunt,
1306 485 1356 539 sed
1369 489 1439 539 eunt
1452 485 1482 539 in
1493 485 1661 546 circuitum.
1679 485 1767 548 idest,

958 590 1073 645 semper
1080 575 1232 629 volvuntur
1242 574 1398 646 aliquando
1411 574 1440 628 in
1453 575 1767 647 prospera,aliquaado

961 663 991 717 in
1006 663 1134 718 adversa.
1149 663 1233 727 Quod
1248 666 1291 718 cst
1305 664 1420 718 dicere:
1444 664 1510 718 ldeo
1525 664 1710 734 reputabunt
1723 680 1768 718 me

963 761 1090 824 tanquam
1104 769 1149 806 aas
1157 751 1291 822 perditum
1306 771 1312 820 ;
1331 751 1398 823 quia
1414 768 1480 807 eum
1504 753 1690 824 vituperatus
1708 768 1767 818 em,

963 858 1011 895 me
1027 839 1165 894 videbunt
1179 844 1274 894 tacere
1289 840 1371 911 quasi
1387 856 1480 895 reum.
1496 841 1530 895 Et
1545 841 1611 895 ideo
1624 840 1769 911 adhuesa·

963 936 1020 983 ctus
1034 946 1093 982 suria
1108 934 1287 1000 tanquamaas
1297 929 1450 999 perditum
1466 929 1534 1001 quia
1546 928 1769 984 Judoeiexisten·

963 1022 1007 1073 tes
1018 1020 1044 1071 in
1058 1034 1087 1071 ea
1105 1019 1218 1072 circuilu
1244 1033 1333 1089 quem
1360 1016 1437 1085 diei3
1465 1017 1529 1071 alum
1541 1019 1725 1081 rueretrueret,
1742 1017 1769 1072 id

964 1109 1007 1162 cst
1022 1106 1092 1161 dum
1107 1104 1289 1171 convenient,
1303 1105 1470 1177 congregati
1476 1106 1672 1176 corporaliter
1683 1105 1769 1160 adeer-

963 1213 1023 1249 sum
1038 1212 1089 1257 ane,
1097 1195 1126 1250 id
1136 1198 1190 1262 est,
1199 1194 1308 1249 utmihi
1327 1195 1489 1261 detrahant,
1500 1194 1643 1266 ipsismurl
1651 1210 1769 1248 manen·

965 1288 1018 1350 tea,
1028 1283 1057 1337 id
1070 1286 1122 1349 est,
1138 1282 1168 1337 in
1185 1284 1440 1338 eadcmvoluntate
1450 1283 1551 1337 mortis
1564 1299 1641 1337 mear.
1652 1297 1768 1337 concor·

966 1373 1016 1427 des
1027 1372 1160 1427 comitiali
1170 1379 1242 1435 sunt,
1269 1371 1299 1426 id
1324 1375 1366 1426 est
1392 1371 1632 1438 consiliabuntur,
1655 1371 1769 1442 accipere

965 1462 1084 1514 anianum
1101 1477 1197 1528 meam,
1207 1460 1237 1514 id
1249 1463 1301 1526 est,
1313 1460 1426 1514 auterre
1438 1459 1526 1513 vitam
1542 1476 1655 1526 meam,
1670 1475 1688 1514 a
1700 1458 1769 1514 simi·

967 1548 1088 1603 litudine
1104 1548 1178 1603 illius
1188 1549 1238 1620 qui
1248 1549 1284 1605 ah
1294 1548 1423 1603 hostibus
1434 1548 1573 1619 accipitur
1581 1552 1612 1602 ut
1623 1547 1767 1619 perdatur.

967 1636 1050 1700 Quod
1061 1640 1103 1691 est
1119 1653 1151 1691 ac
1162 1636 1288 1691 diceret:
1305 1635 1377 1699 Quia
1390 1635 1528 1690 videbunt
1546 1651 1597 1691 eos
1620 1635 1659 1690 de
1682 1640 1768 1690 morte

112 1727 285 1798 etinjuriam
301 1743 351 1797 pro
367 1728 406 1781 eis
421 1727 598 1798 patiendam,
616 1743 704 1798 apuam
718 1726 805 1781 eliam
821 1730 916 1782 osten·
930 1739 955 1796 Β
968 1742 1033 1780 mea
1047 1725 1295 1792 consiliari‚ethoc
1309 1726 1486 1779 adetleclum
1499 1724 1702 1780 deducereme
1715 1740 1766 1778 non

113 1816 165 1871 dit.
183 1817 217 1870 Et
232 1815 285 1868 boc
298 1814 337 1868 sic
352 1814 432 1868 dicit:
450 1815 517 1868 llice
534 1815 671 1869 inisercre
686 1831 830 1880 meorum,
845 1831 916 1887 quo·
966 1814 1128 1880 resistente,
1148 1813 1323 1885 reputabunt
1335 1830 1381 1868 me
1395 1813 1474 1885 quasi
1487 1830 1532 1867 cas
1540 1812 1691 1883 perditum.
1702 1812 1767 1879 Dixi,

112 1903 192 1959 niam
208 1903 391 1957 tribulantur.
405 1903 438 1956 ut
454 1902 518 1957 ideo
531 1903 633 1969 adhuc,
648 1905 715 1974 qum
725 1906 756 1958 ut
772 1907 802 1958 lu
817 1902 918 1957 eismi-
967 1903 1046 1976 quod
1066 1904 1295 1958 consiliabuntur
1317 1905 1433 1974 accepere
1455 1904 1576 1956 animam
1599 1918 1700 1967 meam.
1714 1901 1769 1971 Epo

111 1992 242 2060 sereariet,
258 2009 336 2063 super
349 1993 567 2047 oriincsinmn'cns
596 2011 665 2047 aracos
682 1994 772 2063 suctus
797 2010 857 2046 sum
874 2009 919 2063 op·
967 1998 1057 2045 autem
1071 1993 1099 2045 in
1112 1998 1136 2044 te
1147 1995 1260 2062 sperabi,
1276 1990 1305 2045 id
1326 1996 1379 2052 est,
1397 1990 1426 2045 in
1443 1995 1470 2045 te
1486 2006 1568 2063 spem
1582 2006 1707 2063 ponam,
1720 1989 1770 2044 Do·

107 2083 257 2159 proterium,
273 2081 303 2134 id
317 2083 369 2149 est,
381 2081 471 2134 finam
486 2080 609 2134 inimicis
620 2082 692 2135 aneis
707 2081 916 2152 opporohrium

113 2173 142 2225 et
156 2168 271 2236 derisio,
288 2169 453 2240 plusquam
474 2168 525 2239 ipsi
541 2168 630 2223 lutari
644 2173 711 2223 sunt
727 2169 916 2241 opprobrium

113 2261 143 2314 et
157 2256 265 2324 dirisio,
275 2257 418 2328 gentibus,
432 2273 498 2311 cnm
515 2257 601 2310 abeis
616 2257 719 2329 captivi
735 2258 877 2312 ducentur
889 2261 917 2310 et

113 2345 327 2416 dispergentur.
342 2346 373 2397 ln
389 2344 444 2398 alia
462 2345 648 2399 translatione
672 2345 816 2399 habetur:
834 2345 917 2415 Apud

116 2450 205 2489 onmes
217 2435 338 2488 interiens
354 2450 433 2500 alteas,
447 2431 476 2486 id
492 2435 544 2498 est,
560 2433 696 2487 omnibus
711 2432 834 2487 inimicis
845 2433 917 2488 meis

115 2522 184 2576 liam
200 2521 401 2593 opprobrium.
417 2519 456 2574 Et
467 2521 555 2575 etiam
572 2523 667 2575 uicinis
683 2523 757 2586 mein
767 2521 796 2575 id
806 2521 917 2588 est,illis

115 2611 164 2683 qui
174 2610 383 2682 aliquantulum
392 2609 696 2680 appropinquaverunt
710 2611 740 2663 ut
752 2626 798 2663 me
808 2624 916 2680 cogno-

114 2701 237 2765 scerent,
254 2697 385 2753 noudum
409 2699 524 2752 tantum
551 2701 712 2756 nascentes.
736 2697 809 2751 sicot
833 2695 917 2751 multi

112 2787 232 2843 fuerunt
247 2804 280 2841 ex
302 2786 424 2853 ludoeis3
446 2788 607 2857 succursum
623 2786 801 2856 opprobrium,
822 2785 916 2852 idest,

112 2875 385 2931 verecundabuntur
400 2892 429 2929 se
447 2873 555 2928 vicinos
574 2891 656 2928 meos
671 2874 776 2942 suisse3
792 2877 916 2941 attimar,

966 2084 1048 2135 enine.
1066 2082 1101 2135 Et
1115 2082 1184 2148 diri,
1199 2081 1283 2136 idest
1302 2081 1406 2147 diea1n3
1425 2083 1454 2135 et
1469 2080 1572 2147 verbis,
1589 2083 1619 2135 et
1635 2096 1734 2152 opere,
1744 2081 1771 2133 et

968 2171 1132 2237 affectione,
1158 2187 1175 2224 ο
1190 2170 1324 2234 Domine,
1339 2172 1412 2241 eripe
1427 2188 1468 2224 mc
1480 2170 1512 2223 de
1525 2187 1619 2237 manu,
1640 2169 1671 2223 id
1684 2173 1726 2224 est
1736 2168 1769 2223 de

968 2258 1768 2331 potestate,immlcananlaieorumludaeorummeeiscon·

967 2348 1087 2403 former.
1109 2348 1148 2402 Et
1162 2351 1232 2418 eripe
1246 2366 1323 2402 eirea
1347 2348 1563 2419 persequentibus
1592 2364 1636 2401 me
1659 2346 1769 2401 ludaeis.

968 2435 1050 2499 Quod
1060 2441 1102 2491 est
1112 2437 1253 2492 dicerere:
1266 2436 1349 2508 Eripe
1362 2453 1436 2490 mea
1449 2439 1592 2508 potestate
1606 2435 1769 2491 Judaeorurn

967 2543 1004 2580 ne
1024 2525 1095 2580 mihi
1107 2525 1291 2595 praevaleant,
1307 2525 1355 2595 qui
1367 2523 1547 2578 suntinimici
1563 2523 1620 2578 mei
1633 2526 1664 2578 ct
1679 2540 1769 2596 perse·

968 2618 1099 2685 quentes.
1116 2613 1192 2667 Multi
1208 2629 1335 2683 namque
1363 2610 1471 2666 inimici
1483 2615 1559 2676 sunt,
1571 2611 1620 2683 qui
1637 2628 1697 2666 non
1710 2615 1772 2667 sunt

968 2702 1216 2774 persequentibus.
1238 2701 1363 2773 ldeoque
1379 2701 1452 2755 bene
1465 2700 1555 2768 addit,
1569 2702 1770 2773 apersepuenti·

968 2792 1079 2846 busane.

1004 2881 1038 2934 Et
1055 2879 1205 2951 praemittit
1232 2895 1330 2934 causas
1355 2878 1390 2933 dc
1420 2878 1523 2950 quibus
1545 2878 1699 2952 eripiatur,
1714 2880 1770 2936 sic:

114 2963 204 3033 idest,
220 2980 305 3019 eausa
320 2963 512 3019 timorisfiam
523 2966 591 3017 notis
604 2964 680 3029 aneis,
693 2962 721 3017 id
736 2966 788 3030 est,
805 2965 918 3034 aposto·
968 2968 1047 3036 Dico,
1063 2971 1189 3039 enpceet
1202 2966 1322 3038 dignum
1340 2968 1391 3021 est.
1408 2967 1480 3021 Nam
1501 2967 1573 3022 Deru
1592 2985 1669 3022 meus
1683 2985 1708 3022 es
1723 2975 1772 3034 tu3

112 3054 158 3122 lis,
169 3071 205 3109 ne
214 3070 261 3108 mc
273 3052 403 3108 confiteri
415 3052 540 3107 audeant
557 3052 660 3107 timore
673 3050 867 3106 morttsUude
877 3029 953 3106 le·C
968 3060 1070 3128 reputo
1082 3063 1109 3113 tc
1125 3057 1411 3113 Creatoremmeum.
1420 3057 1453 3109 Et
1463 3056 1530 3128 quia
1543 3064 1625 3111 sortes
1639 3074 1705 3112 mea,-
1712 3061 1772 3112 sunt

114 3141 216 3213 gitur:
243 3141 331 3195 «Noti
357 3141 413 3194 mci
427 3140 507 3212 quasi
527 3139 613 3194 alieni
639 3143 818 3194 recesserunt
839 3156 856 3192 a
871 3155 918 3192 me
969 3148 996 3199 in
1009 3146 1129 3199 manibus
1146 3146 1210 3210 treis,
1223 3144 1253 3198 id
1273 3146 1325 3211 est,
1342 3144 1496 3199 electiones
1511 3160 1585 3199 meae
1598 3149 1668 3200 sunt
1685 3146 1715 3200 in
1726 3160 1773 3200 ro·

115 3229 179 3301 (Job
194 3248 220 3299 x,
235 3234 279 3285 lit
296 3247 302 3284 :
320 3251 333 3278 »
354 3229 415 3283 Dixi
430 3228 507 3301 quod
523 3229 623 3283 vicinis
650 3230 718 3283 liam
735 3229 917 3299 opprobrium.
969 3233 1200 3287 luntatibustuis.
1218 3232 1300 3296 Quod
1316 3238 1359 3287 est
1374 3232 1486 3287 dicere:
1503 3232 1576 3296 Quia
1587 3234 1666 3288 solas
1678 3235 1775 3290 votan-

117 3318 221 3373 Etideo
237 3317 289 3389 ipsi
305 3316 399 3383 vicini,
412 3318 460 3386 pai
468 3316 591 3370 videbant
607 3334 647 3369 ine
660 3318 744 3386 saras,
758 3318 788 3371 id
805 3321 856 3384 est,
871 3317 920 3388 qui

117 3411 471 3467 videbantmesecundum
486 3411 659 3465 forinsecam
667 3413 922 3479 naturam,scilicct

118 3501 277 3557 seeundum
293 3498 515 3566 humanitatem,
536 3515 593 3570 qua
604 3498 711 3570 patiar3
728 3505 838 3554 clnunc
851 3517 920 3555 con·

125 3587 455 3644 siderantesseeundum
474 3587 666 3654 divinitatem,
679 3589 816 3659 sarpeicurt,
834 3589 921 3643 idest

118 3693 153 3732 ex
168 3680 229 3732 toto
245 3677 381 3732 recedent
392 3694 408 3729 a
420 3693 470 3744 ine,
483 3676 573 3743 idest,
588 3692 758 3748 aspequam
771 3677 800 3731 in
811 3694 858 3731 me
873 3678 922 3732 ha-

121 3766 240 3823 behant.
254 3765 380 3820 letale:
400 3764 455 3831 Qui
469 3765 600 3831 videbant,
627 3764 655 3819 id
680 3769 723 3820 est
748 3769 923 3837 cognoscent

120 3854 330 3928 aliquantulum
344 3870 402 3920 mc,
412 3854 549 3925 fugiente
561 3871 611 3920 irie,
627 3854 701 3923 saras
714 3857 825 3920 euntes,
835 3853 922 3921 idest,

119 3943 161 3998 eis
169 3943 303 3998 cedentes
314 3942 361 4012 qui
373 3941 442 3996 loris
455 3945 522 3995 sunt
531 3958 549 3995 a
558 3940 806 4011 cognitionemea‚
819 3939 924 3997 ludaeis

120 4031 237 4086 seilicet.
254 4031 288 4084 Et
301 4046 359 4082 non
376 4029 416 4083 ita
428 4028 580 4099 lugientut
594 4031 774 4083 revertantur
785 4032 858 4099 post,
874 4028 925 4083 sed

123 4117 251 4172 oblivioni
264 4117 421 4181 dolassem,
438 4115 468 4169 id
484 4119 526 4170 est
540 4116 642 4182 dabor,
660 4124 790 4188 tanquam
805 4125 925 4171 enarluus

123 4223 188 4262 sum
203 4224 220 4260 a
233 4205 320 4272 corde,
336 4205 430 4271 idest,
444 4204 601 4259 secundum
611 4204 740 4259 animam
752 4206 780 4259 in
791 4211 923 4278 peceal0;

970 3324 1044 3375 tatas
1056 3327 1119 3376 tuas
1133 3322 1228 3392 eligo;
1244 3329 1325 3375 sortes
1339 3337 1392 3393 pro
1406 3322 1594 3376 electionibus
1605 3323 1701 3394 ponit,
1710 3321 1776 3394 quia

971 3424 1023 3481 per
1031 3417 1110 3463 sortes
1121 3410 1277 3464 electiones
1285 3409 1347 3463 lieri
1356 3409 1464 3476 solent3
1477 3409 1544 3481 quia
1557 3411 1776 3465 reroexvolun·

973 3499 1077 3553 latibus
1093 3514 1181 3570 opera
1196 3498 1367 3568 procedunt,
1385 3514 1488 3552 manus
1496 3498 1643 3552 dicuntur.
1651 3499 1777 3553 Manibus

973 3586 1052 3642 enim
1068 3604 1158 3659 opera
1174 3590 1354 3641 exercentur.
1379 3586 1446 3652 Oro,
1462 3589 1540 3657 cepe.
1558 3587 1593 3640 lit
1606 3603 1669 3642 non
1684 3588 1776 3642 sulam

971 3678 1037 3742 hoc,
1054 3676 1199 3730 sedetiam
1214 3675 1317 3729 illustra
1329 3676 1425 3745 sauciam
1438 3683 1522 3743 tuum,
1538 3675 1567 3730 id
1577 3680 1630 3741 cst,
1640 3675 1779 3731 illustrem

974 3765 1093 3820 ostende
1107 3768 1136 3818 et
1151 3766 1257 3818 claram
1274 3764 1318 3818 lae
1340 3763 1549 3834 benignitatem
1578 3766 1672 3821 tuam.
1685 3763 1779 3836 Respi-

974 3853 1075 3908 cienda
1091 3870 1176 3924 super
1192 3869 1238 3906 me
1249 3870 1350 3906 sentirem
1364 3860 1448 3918 tarran,
1465 3852 1494 3906 id
1513 3855 1565 3918 est,
1592 3851 1715 3907 omuino
1730 3849 1778 3905 tibi

975 3941 1170 3997 obedientem.
1187 3940 1299 3996 Faciem
1308 3941 1390 4013 ponit
1404 3957 1456 4012 pru
1467 3933 1637 4010 benipnilata
1655 3957 1689 3996 eo
1703 3939 1778 4013 quod

975 4029 1090 4084 insacia
1105 4045 1180 4101 supe
1194 4028 1358 4100 benignitas
1374 4028 1538 4084 denotatur.
1547 4028 1721 4083 Beneetiam
1732 4043 1778 4100 po

977 4118 1028 4187 nit,
1040 4136 1117 4188 super
1131 4135 1235 4172 sarcum
1251 4124 1337 4184 traam,
1353 4117 1434 4189 quasi
1453 4117 1547 4171 dieat:
1563 4117 1635 4171 Cum
1652 4119 1684 4171 tu
1699 4132 1778 4189 supe·

976 4207 1036 4263 rior
1050 4207 1086 4262 sis
1098 4223 1145 4261 me
1158 4207 1287 4261 humano
1299 4223 1379 4262 servo
1392 4211 1451 4273 tuo,
1468 4206 1668 4263 condescende
1688 4206 1776 4272 mihi;

121 4296 195 4351 sieut
205 4310 253 4349 me
270 4295 419 4348 mortuum
435 4291 464 4346 in
483 4308 603 4363 corpore
618 4292 766 4348 videbunt.
786 4295 868 4358 Quod
883 4299 925 4349 est
936 4311 963 4370 D
976 4300 1005 4350 ct
1020 4312 1071 4368 per
1085 4296 1139 4350 hoe
1161 4295 1372 4367 benignitatem
1384 4298 1464 4349 triam
1491 4295 1633 4350 illustrem
1647 4294 1776 4351 ostende.

122 4384 218 4439 dicere
234 4400 240 4438 :
256 4383 402 4437 Putabunt
414 4396 461 4436 me
486 4398 538 4454 per
552 4385 669 4454 peccata
687 4382 716 4436 in
731 4383 830 4439 anima
845 4401 923 4440 mor-

122 4477 216 4539 tuum,
232 4472 355 4544 ideoque
370 4488 428 4526 non
443 4474 684 4526 resurrecturum.

158 4563 192 4616 Et
203 4563 291 4633 sactus
304 4578 373 4626 suere,
389 4560 418 4615 id
433 4559 567 4627 estham,
583 4560 623 4614 eis
634 4567 761 4632 tanquam
775 4579 820 4616 eas
830 4563 925 4633 perdi.

125 4659 183 4706 tam
196 4634 352 4721 903quad
361 4648 750 4703 estaicereeunentesinma
759 4649 925 4722 priusspem

120 4737 295 4804 salvationis,
310 4737 486 4807 reputabunt
495 4754 540 4791 me
551 4736 587 4791 ad
595 4737 764 4792 salvandum
773 4755 821 4793 eos
834 4739 921 4793 inuti·

37 4867 39 4872 ·
119 4830 190 4895 lem,
207 4826 279 4881 sicut
293 4843 337 4880 aas
346 4825 494 4896 perditum,
511 4825 539 4878 id
555 4825 741 4893 estfractnm,
759 4827 837 4899 quod
859 4827 923 4882 inu·

118 4917 171 4973 tile
181 4919 224 4971 est
236 4913 345 4986 aliquid
359 4914 390 4969 in
405 4930 434 4967 se
447 4929 560 4984 capere,
583 4930 650 4968 cum
661 4914 733 4969 illud
748 4914 827 4986 quod
843 4915 872 4969 in
889 4933 922 4972 eo

116 5004 245 5078 ponitur,
261 5003 328 5058 indo
342 5001 608 5057 citissimedillluat.
622 5003 656 5055 Et
665 5001 730 5057 ideo
747 5003 923 5073 reputabunt

116 5111 165 5150 me
180 5110 226 5149 eas
244 5092 380 5163 perditum
405 5092 531 5162 quoniam
549 5089 656 5157 aaudiat,
673 5089 702 5143 id
722 5095 765 5144 est
778 5091 922 5161 patienter

115 5179 406 5254 (nonrespondendo)
418 5179 767 5251 audiam,vitupcralianem
775 5181 921 5235 multarum

113 5272 338 5328 commorantium
354 5271 382 5323 in
396 5271 519 5336 circuitu,
535 5268 564 5323 id
580 5274 633 5336 est,
646 5284 704 5323 non
716 5268 744 5322 in
756 5269 814 5322 mei
831 5270 917 5325 dilec-

977 4383 1044 4447 Oro,
1060 4383 1173 4449 illustra,
1191 4383 1228 4437 sic
1251 4383 1377 4437 scilicet:
1397 4381 1509 4437 Saluum
1524 4399 1566 4436 ene
1582 4383 1629 4453 sac
1644 4384 1776 4440 ambite.

976 4472 1010 4525 Et
1019 4473 1073 4527 hoe
1096 4473 1123 4524 in
1138 4470 1315 4524 inisericordia
1337 4477 1394 4532 tua,
1408 4469 1534 4537 Domine,
1551 4487 1588 4525 ne
1599 4470 1757 4543 {confundar
1770 4489 1778 4525 :

976 4560 1052 4632 quod
1064 4559 1270 4627 essel,sisalvus
1279 4576 1337 4614 non
1352 4560 1473 4627 herem;
1490 4575 1584 4630 neque
1594 4559 1718 4633 dignum
1728 4563 1779 4628 est,

975 4650 1103 4723 quereiam
1116 4649 1245 4714 leccatori,
1256 4647 1346 4715 idest,
1356 4647 1434 4702 orari
1445 4650 1483 4702 te.
1504 4647 1553 4702 Vel
1566 4647 1625 4703 ita:
1648 4647 1779 4715 Quoniam

974 4740 1097 4792 invocabi
1111 4745 1143 4804 tc,
1162 4736 1259 4803 idest,
1277 4737 1355 4792 bona
1367 4735 1520 4791 allectione
1531 4740 1560 4792 et
1570 4737 1667 4793 verbis
1675 4741 1704 4793 et
1712 4754 1779 4813 ope-

974 4827 1086 4881 ratione
1103 4825 1199 4880 vocavi
1214 4828 1244 4879 te
1257 4823 1287 4880 in
1307 4825 1504 4881 habitatorem
1517 4842 1628 4893 meum,
1645 4827 1726 4895 llice,
1743 4843 1778 4882 ne

974 4917 1142 4987 confundam
1160 4913 1237 4986 impii
1256 4931 1334 4982 vero,
1356 4914 1385 4969 id
1418 4914 1580 4983 esl,‘tudaei
1595 4915 1706 4972 inimici
1723 4917 1780 4973 mei

973 5007 1123 5059 erubescant
1139 5004 1169 5058 in
1186 5003 1478 5072 resurrectionemea,
1495 5008 1524 5058 et
1538 5007 1603 5076 post
1616 5004 1779 5061 deducantur

973 5095 1160 5164 intersecante,
1183 5092 1304 5147 localem
1334 5091 1482 5147 internum
1514 5091 1656 5148 videlicet.
1685 5093 1776 5150 Dico:

971 5182 1145 5248 Erubescant,
1156 5184 1185 5235 et
1195 5180 1284 5235 etiam
1295 5186 1380 5247 reluta,
1392 5181 1459 5249 fiant
1485 5181 1555 5235 labia
1573 5180 1665 5236 dolosa
1675 5197 1777 5238 eorum

969 5272 1031 5326 Non
1043 5268 1110 5324 dicit
1122 5268 1162 5322 sic
1172 5276 1246 5322 inrita
1262 5266 1340 5340 quod
1350 5268 1422 5322 nibil
1438 5268 1559 5324 omnino
1575 5269 1675 5325 dicant
1689 5287 1696 5336 ;
1727 5271 1777 5327 sed

113 5361 193 5417 tione
205 5365 234 5416 et
244 5359 357 5426 notitia,
371 5359 421 5413 sed
436 5357 465 5412 in
475 5358 671 5430 elongatione,
683 5357 720 5412 ad
730 5358 849 5412 modum
860 5360 914 5415 cir·
966 5367 1051 5424 muta,
1066 5358 1095 5412 id
1108 5357 1248 5421 estnihil
1263 5358 1331 5411 mali
1348 5356 1383 5410 de
1399 5373 1458 5424 me,
1468 5357 1546 5429 quod
1560 5374 1662 5412 rerum
1681 5358 1776 5415 videa-

111 5451 212 5516 cuitus,
228 5449 277 5520 qui
292 5448 434 5518 longeest
448 5452 584 5519 apuncto
603 5447 682 5519 quod
699 5445 729 5500 in
745 5447 841 5501 medio
859 5455 910 5505 est.
962 5452 1020 5515 tur,
1037 5445 1172 5503 dicentia.
1193 5445 1281 5500 Latia
1308 5444 1397 5498 dolosa
1428 5444 1562 5501 dicuntur
1587 5447 1712 5516 habere,
1729 5447 1779 5522 qui

108 5538 159 5616 tlel
171 5536 394 5593 cotumarantiurn
421 5535 453 5592 tn
470 5536 596 5600 circuita,
611 5536 642 5592 id
657 5537 709 5604 est,
723 5534 755 5592 in
771 5537 911 5608 appetitu
960 5535 1038 5595 aliud
1050 5535 1191 5608 cogitant,
1204 5533 1283 5591 aliud
1295 5533 1395 5591 dieunt
1406 5552 1413 5604 ς
1425 5550 1488 5608 quae
1498 5535 1773 5609 Juaoeihabuerunt,
