3772 5976
61 358 138 422 lttt

550 366 728 431 mensuro
747 372 781 430 nv
801 372 968 434 essenos.
985 406 1020 420 -
1034 362 1122 437 esre
1141 378 1245 437 mnu

1656 337 1725 450 ml

67 485 299 544 moderationem
327 486 417 560 plebis
441 489 561 549 subditae
578 492 645 551 data
658 494 702 551 sit.
722 497 788 566 Oro,
800 516 870 570 pone
883 503 908 564 Α
921 517 939 558 a
951 501 1092 559 memoria
1104 521 1169 560 mea
1183 503 1303 573 excidat,
1329 505 1358 560 et
1378 501 1417 561 sic
1435 508 1584 582 nunquam
1609 510 1645 569 ab
1663 513 1724 585 ejus

68 576 143 631 viem
158 579 225 632 rnr'tri
238 576 338 648 leqcm3
354 582 382 633 et
395 579 482 635 etiam
497 586 565 653 opto
584 586 612 638 et
627 601 678 639 oro
692 590 869 660 uterquirom

66 682 124 719 roro
147 683 258 736 semper,
273 667 302 721 id
317 669 359 721 est
375 685 408 722 ex
424 671 558 725 omnibus
574 672 634 726 aliis
647 674 732 729 rebus
756 692 871 749 semper

66 770 131 807 eam
139 770 266 824 quaeram
274 756 775 828 praecipueimitariomnioll'eetione
789 764 871 827 erod

66 841 221 896 cstdieere:
235 844 276 898 Da
289 844 358 898 mihi
372 844 555 901 affectionem
568 865 632 902 carri
646 867 762 921 semper
777 851 872 924 eripd-

64 930 158 985 rendi.
176 930 212 984 Ut
239 934 336 986 autem
367 951 482 1006 semper
505 952 570 990 eant
599 939 704 1008 legem,
727 939 870 994 Christum

64 1018 180 1085 scilicet,
196 1021 350 1090 capturam,
364 1022 398 1075 rto
414 1024 484 1078 miti
497 1025 665 1092 intellectum,
685 1027 712 1081 id
726 1027 831 1082 osirim
843 1030 871 1082 ct

63 1105 232 1163 facultatem
249 1108 428 1179 intelligendi
443 1129 449 1178 ;
464 1117 489 1165 et
501 1113 539 1166 sie
553 1115 785 1184 serutatortepem
796 1120 871 1170 tunm

66 1198 204 1261 veterem,
232 1198 310 1268 quod
334 1198 465 1255 videlicet
493 1201 656 1272 significent
670 1204 789 1274 mystica
810 1205 870 1275 ejus

65 1289 219 1356 precepta,
235 1303 291 1340 non
306 1289 449 1360 repellens
464 1289 869 1351 eam,sieutllaniclnei.<‹Non

66 1372 144 1428 cuim
160 1373 237 1428 veuit
252 1374 592 1433 [torninusJesussolvere
604 1381 868 1452 legennsedadim-

66 1461 145 1533 plere
160 1460 264 1533 (dfottlr
291 1481 317 1530 v,
332 1467 401 1530 lit.»
417 1465 456 1519 Et
469 1466 548 1520 illam
576 1468 729 1540 diligenter
741 1475 870 1526 scrutans

64 1551 211 1604 custodiam
225 1568 283 1605 nen
313 1554 435 1607 exterius
448 1571 498 1625 per
513 1558 641 1611 carnales
663 1557 867 1625 observantias,

65 1639 115 1693 sed
132 1641 250 1708 mystice
263 1644 292 1696 et
308 1643 458 1699 moraliter
469 1644 598 1712 interius,
611 1648 638 1699 in
654 1648 867 1715 rocacardensem

64 1727 93 1782 id
109 1729 190 1783 estin
204 1730 263 1783 tota
279 1730 429 1786 affectione
446 1733 540 1787 cordis
556 1733 625 1788 mei.
642 1735 804 1791 Nonsolum
819 1755 869 1791 au-

921 592 1112 663 completione
1129 594 1274 649 desistam.
1290 594 1398 657 Statue,
1418 596 1547 669 inquam,
1564 599 1634 656 mitri
1649 619 1723 659 screo

922 684 966 734 tuo
981 680 1112 752 eloquium
1128 689 1216 750 tuam;
1248 686 1276 737 et
1290 683 1354 752 lroe,
1369 685 1397 738 in
1413 686 1510 738 timore
1525 693 1569 741 tuo
1584 693 1661 745 casto
1675 707 1723 748 me

920 768 1079 822 frrrrdando.
1095 769 1176 834 Quod
1188 771 1331 826 esldieere
1345 773 1413 826 :Fac
1424 789 1470 827 me
1483 773 1512 829 in
1526 775 1632 831 timore
1645 782 1722 835 casto

920 855 1073 911 furrrdatum
1090 875 1161 925 esse,
1178 860 1206 912 et
1220 859 1259 913 sio
1274 860 1421 932 eloquium
1438 862 1608 918 tueminme
1622 866 1723 922 stabile

921 944 974 997 erit
985 949 1013 997 el
1028 945 1236 1001 flrnruni.Nanr
1250 969 1263 997 o
1276 947 1389 1002 initium
1402 949 1549 1020 sapientiae
1563 951 1653 1007 timor
1668 955 1722 1011 llo-

920 1032 992 1086 mini
1007 1035 1014 1087 l
1031 1033 1156 1099 Psotes,
1173 1039 1244 1106 101.»
1256 1037 1292 1091 Ut
1307 1040 1404 1090 nutem
1421 1036 1450 1091 iu
1467 1055 1575 1111 meper
1586 1040 1723 1098 timorem

920 1122 1213 1194 statuaturoloquium
1226 1127 1317 1190 tuum,
1327 1133 1436 1196 amputo
1443 1127 1721 1200 perindulgentiam‚

921 1224 1005 1274 anre,
1017 1213 1189 1282 opproprium
1204 1231 1302 1275 rneum,
1318 1214 1346 1268 id
1361 1217 1413 1283 est,
1430 1215 1511 1269 aufer
1536 1232 1553 1270 a
1568 1233 1615 1272 me
1635 1234 1723 1273 omne

920 1301 1082 1368 peecatum,
1101 1300 1179 1370 quod
1202 1318 1287 1355 causa
1314 1304 1355 1356 est
1371 1303 1528 1374 opprobrii.
1547 1305 1723 1375 Opprodrium

920 1384 983 1439 diro
1006 1387 1075 1457 quod
1097 1390 1243 1458 respiratus
1266 1406 1345 1455 sern3
1362 1390 1432 1444 acsi
1455 1391 1549 1446 dicat:
1567 1393 1628 1447 Non
1658 1411 1722 1449 sum

920 1477 1014 1527 certus
1029 1493 1064 1528 an
1082 1475 1109 1529 in
1127 1492 1173 1529 me
1184 1476 1219 1529 sit
1231 1477 1430 1548 opprobrium,
1441 1478 1491 1533 sed
1502 1479 1640 1551 quoniam
1653 1480 1723 1536 illud

920 1559 948 1614 in
967 1578 1012 1615 me
1038 1579 1098 1616 esse
1113 1564 1270 1633 suspicatus
1284 1582 1359 1626 sum,
1384 1582 1446 1633 oro,
1462 1574 1582 1638 amputo.
1599 1569 1655 1623 Per
1668 1570 1724 1625 hoe

920 1652 1016 1704 autem
1043 1651 1106 1705 illos
1133 1652 1181 1723 qui
1196 1652 1248 1707 sibi
1264 1654 1369 1708 conscii
1381 1656 1490 1725 peccati
1506 1659 1582 1724 sunt,
1598 1658 1722 1714 multum

920 1752 1003 1791 orare
1030 1737 1141 1802 invitat,
1157 1756 1221 1794 curn
1252 1740 1311 1813 ipse
1331 1742 1380 1814 qui
1401 1743 1454 1797 sibi
1469 1744 1598 1798 conscius
1612 1746 1722 1817 peccati

64 1819 124 1870 tem
144 1833 194 1871 oro
211 1817 306 1871 utdes
337 1819 406 1872 miln
428 1819 606 1876 intellectum
631 1819 1045 1893 adserutandumBuonest‚
1062 1828 1299 1887 sictamenorat.
1318 1830 1398 1886 Unde
1426 1833 1632 1903 Apostoluszv
1647 1833 1721 1888 Nihil

62 1895 158 1965 legem
176 1898 272 1964 tuam;
290 1898 339 1951 sed
365 1897 452 1953 etiam
480 1917 541 1966 oro,
558 1903 749 1972 pergratiam
777 1908 867 1972 tuam,

62 1983 148 2037 derlee
162 2001 212 2051 me,
239 1984 324 2039 idest
351 1986 443 2057 dirige
469 1991 497 2042 et
509 2004 691 2059 perseverare
707 2008 755 2046 rue
783 1993 868 2046 facin

62 2074 156 2125 semite
170 2072 358 2130 mantelorum
372 2082 488 2141 luorum,
500 2075 528 2129 id
543 2077 620 2131 estin
629 2079 773 2133 mandatis
786 2097 867 2135 novar

918 1913 989 1968 mihi
1006 1916 1134 1970 conscius
1146 1934 1220 1983 sunt,
1235 1916 1283 1971 sed
1301 1935 1361 1974 non
1375 1918 1403 1972 in
1415 1920 1468 1973 hoc
1476 1919 1645 1988 justificatus
1657 1938 1720 1976 sum

918 2000 1012 2072 (icor,
1029 2021 1065 2068 vv,
1079 2005 1117 2072 t).
1137 2027 1150 2053 n
1165 2004 1231 2060 Ilico
1245 2013 1364 2075 orn-oete,
1390 2009 1442 2061 ete.
1463 2007 1527 2062 llaec
1543 2011 1638 2062 autem
1655 2008 1719 2062 ideo

919 2088 980 2138 ore,
997 2074 1063 2128 licet
1078 2075 1186 2146 peceati
1205 2077 1335 2131 conscius
1357 2094 1415 2132 non
1433 2095 1506 2143 suut,
1520 2081 1568 2150 qui
1578 2079 1635 2134 seio
1652 2079 1721 2150 quod

65 2159 737 2232 legis‚quoedicunturantonomasticemandata
750 2173 869 2241 propter
913 2160 1018 2230 judicia
1034 2169 1079 2215 tue
1089 2164 1212 2232 jucunde
1228 2167 1304 2227 sunt,
1329 2164 1358 2219 id
1371 2169 1412 2220 est
1425 2166 1553 2221 dulciaet
1566 2165 1720 2221 delectabi-

64 2248 107 2303 sui
123 2248 304 2320 dignitatem,
318 2250 417 2323 etjquoe
432 2251 677 2309 dicuntursemita
693 2260 811 2326 propter
826 2258 868 2311 sui

64 2337 249 2405 arduitatem,
262 2340 378 2411 eoquod
387 2341 484 2412 paucis
494 2343 735 2411 communierant,
753 2345 788 2399 ad
804 2362 866 2399 rno-

63 2426 134 2481 dum
149 2427 259 2482 semitae
272 2445 323 2498 per
335 2445 422 2500 quarn
437 2430 518 2500 pauci
534 2431 715 2501 gradiuntur.
734 2432 815 2496 Ouod
826 2438 868 2488 ost

63 2514 174 2569 dicere:
196 2517 249 2570 Fac
266 2533 311 2569 me
327 2516 468 2571 directum
484 2521 512 2572 et
527 2523 760 2591 perseverantem
776 2521 805 2575 iu
821 2539 866 2577 ar-

63 2602 127 2657 duis
141 2605 291 2676 prmceptis
306 2621 387 2659 novae
404 2606 482 2677 legis.
506 2606 573 2670 Ouae
592 2612 658 2663 sunt
672 2610 732 2664 nse
747 2626 753 2664 ε
770 2610 867 2665 luimi·

62 2707 130 2745 eum
152 2692 281 2764 diligere,
308 2697 337 2747 et
353 2694 452 2749 omnia
478 2711 530 2766 pro
556 2697 614 2751 Deo
637 2701 821 2769 postponere,
838 2701 866 2753 et

63 2783 168 2835 caetera
178 2780 353 2853 hujusmodi.
363 2783 429 2837 ldeo
442 2800 509 2838 vero
522 2784 644 2856 dignum
657 2788 700 2839 est
716 2789 747 2840 ut
759 2804 800 2840 me
816 2787 865 2842 de-

62 2867 151 2923 ducas
166 2872 193 2922 in
214 2872 308 2924 senile
331 2872 519 2926 mendatorum
548 2879 664 2939 tuerere,
693 2876 756 2945 quio
780 2876 867 2945 ipsam

62 2957 155 3025 volui3
181 2960 210 3012 et
229 2960 306 3029 quod
321 2960 389 3015 boni
411 2961 513 3031 aliquis
528 2960 601 3015 bene
623 2963 692 3028 vult,
705 2962 810 3034 dignus
825 2966 868 3018 est

62 3046 190 3118 adipisci.
206 3047 365 3116 Deductae,
382 3050 513 3122 inquam,
530 3053 668 3105 inserente.
686 3052 755 3105 Cum
770 3056 865 3108 autem

61 3134 101 3189 sie
117 3135 256 3191 deductus
267 3154 327 3203 ero,
342 3156 400 3193 non
417 3138 483 3193 iude
496 3156 541 3193 mo
551 3139 697 3211 superbire
707 3141 866 3211 permittas,

65 3222 115 3277 sed
131 3224 241 3288 inclino,
258 3224 287 3278 id
304 3229 346 3280 est
359 3227 481 3281 humilia
501 3227 553 3282 tini
575 3245 619 3281 cor
632 3246 730 3295 riarum,
747 3232 775 3282 et
789 3230 866 3285 nullo

64 3310 152 3365 modo
171 3310 321 3367 insolescat
336 3331 342 3379 ;
359 3331 505 3368 cormeum
521 3315 594 3379 dieo,
612 3315 764 3370 intendens
775 3319 802 3369 in
818 3324 866 3371 tes-

64 3400 180 3455 timonie
196 3408 253 3467 trra,
281 3402 364 3457 idest
380 3403 408 3458 in
425 3404 566 3476 premissa
582 3408 639 3471 tua,
656 3413 680 3459 et
695 3421 748 3460 non
763 3407 790 3459 in
806 3423 868 3458 nerr-

61 3488 166 3554 ritiron,
175 3490 280 3545 scilicet
289 3492 470 3547 humiliatum
485 3493 529 3546 foe
541 3508 692 3548 cormeum
701 3497 730 3547 et
740 3509 868 3564 perseve-

60 3576 330 3634 ransinmandatis
356 3581 420 3645 tutis,
452 3599 510 3635 ιηηι
536 3585 666 3652 respectu
683 3582 819 3642 avmilirr.
837 3586 867 3637 ut

61 3664 171 3735 aliquid
182 3668 331 3721 terrenum
348 3667 414 3722 inde
427 3669 531 3722 lucrari
545 3669 707 3734 intendam,
719 3670 789 3724 sicut
803 3670 867 3742 qui-

61 3750 129 3806 dam
144 3752 310 3824 hypocritae,
331 3757 380 3810 sed
394 3773 478 3810 causa
492 3756 676 3810 nanciscendi
689 3757 864 3824 testimonia,

61 3842 121 3904 tua,
138 3839 166 3894 id
181 3843 223 3896 est
237 3843 377 3913 promissa
393 3847 450 3909 tua,
465 3847 494 3899 et
507 3844 592 3898 hicet
606 3845 636 3898 in
649 3847 744 3899 futuro
761 3862 823 3917 quae
837 3846 865 3900 in

61 3926 216 3998 Evangelio
233 3932 355 3998 testeris,
381 3931 478 3986 dicens
493 3949 499 3986 :
514 3954 528 3983 «
542 3932 585 3986 Ad
598 3949 664 3986 eum
680 3933 826 3989 veniemus
838 3938 867 3988 et

60 4015 245 4072 mansionem
261 4019 336 4090 apud
353 4036 420 4074 eum
436 4020 574 4075 faciemus
597 4021 692 4088 (doen.
707 4038 760 4084 xvv,
771 4024 833 4090 ¹23).
853 4043 865 4069 η

62 4105 133 4160 Eece
154 4105 306 4176 promissio
327 4109 362 4162 de
379 4110 533 4181 praeseuti3
558 4110 593 4164 de
607 4109 769 4165 futurorum
800 4126 866 4164 vero

61 4193 253 4264 promissione
269 4196 308 4249 sic
325 4196 410 4251 dicit:
440 4221 453 4246 α
467 4197 519 4260 Oui
536 4198 758 4268 perseveraverit
778 4215 865 4269 usque

62 4281 93 4335 in
110 4282 210 4348 finem,
225 4283 269 4337 hic
286 4285 377 4338 salvus
393 4285 447 4340 erit
461 4283 604 4351 (Mettius,
622 4289 675 4349 223
691 4303 764 4352 xxiv,
784 4286 865 4357 13).»

917 2249 966 2314 lia,
981 2250 1316 2322 quodvidelieetjudicas
1329 2253 1473 2325 indulgeri
1495 2255 1719 2320 confitentibus;

918 2354 977 2392 nou
990 2354 1092 2409 aspera
1101 2345 1168 2394 surrt
1177 2342 1494 2412 utjudieiahominum‚
1506 2342 1554 2414 qui
1564 2343 1599 2397 de
1607 2344 1720 2397 reatum

917 2442 999 2480 suum
1010 2428 1213 2483 confitentibus
1227 2430 1397 2502 supplicium
1406 2431 1589 2485 sumemdum
1601 2447 1662 2486 esse
1674 2430 1722 2485 de-

917 2518 1050 2571 cernunt.
1073 2515 1156 2571 Oravi
1173 2520 1205 2571 ut
1220 2520 1351 2589 amputes
1362 2519 1559 2590 opprobrium.
1575 2518 1630 2574 Oro
1647 2517 1722 2573 insu-

917 2605 1154 2676 penatespenates,
1168 2605 1258 2673 idest,
1273 2605 1316 2661 fao
1328 2623 1375 2661 me
1389 2606 1418 2660 in
1433 2606 1530 2660 anima
1547 2605 1721 2661 vivificatum

916 2706 969 2762 per
983 2692 1207 2763 completionem
1216 2694 1420 2750 mandatorum
1431 2711 1438 2760 ;
1452 2697 1481 2748 et
1493 2693 1632 2748 hocfacin
1643 2696 1722 2765 equi-

918 2785 971 2832 tate
984 2786 1042 2846 tuo,
1059 2779 1088 2834 id
1101 2783 1144 2834 est
1156 2781 1313 2836 secundum
1334 2782 1411 2853 quod
1431 2780 1606 2853 aequitastua
1622 2781 1719 2852 exigit.

917 2867 986 2922 Eece
1001 2868 1079 2923 enim
1107 2870 1256 2940 concupiui,
1273 2869 1302 2924 id
1317 2872 1360 2924 est
1375 2869 1456 2924 valde
1471 2869 1573 2940 cupivi,
1590 2868 1719 2923 inundate

919 2963 964 3010 tuo
977 2956 1134 3027 complere,
1150 2959 1178 3011 et
1204 2957 1258 3010 hoe
1272 2956 1321 3011 tibi
1353 2960 1474 3023 estsere,
1498 2957 1580 3010 idest
1595 2971 1722 3028 praesens

918 3049 947 3099 et
959 3044 1157 3110 manifestum,
1169 3044 1304 3115 ideoque,
1316 3045 1536 3115 quiaconeupiri,
1548 3044 1723 3116 oequitastua

918 3133 1006 3205 erigit
1026 3134 1057 3186 ut
1069 3149 1116 3187 me
1133 3136 1252 3204 propter
1266 3133 1321 3187 lroc
1335 3133 1466 3200 vivifices,
1494 3148 1559 3187 eum
1572 3133 1609 3187 sis
1624 3149 1723 3206 aquus

915 3222 1014 3293 juder.

952 3310 1020 3375 Vsu„
1037 3308 1296 3383 interpretaturvel
1311 3310 1407 3365 illerel
1419 3311 1519 3365 iltrest.
1536 3309 1720 3364 Convenien·
1743 3367 1746 3377 ,

918 3402 962 3452 ter
977 3415 1046 3468 ergo
1066 3399 1124 3453 Van
1140 3416 1273 3454 versuum
1288 3403 1373 3454 sexta
1398 3400 1530 3454 clausulae
1547 3397 1721 3470 principium

918 3488 969 3550 est,
987 3489 1018 3540 ut
1033 3503 1066 3539 ex
1079 3487 1132 3540 hoc
1148 3491 1285 3559 appareat
1315 3492 1456 3559 quatenus
1471 3487 1515 3542 lrie
1531 3487 1566 3542 de
1583 3486 1657 3542 illius
1671 3485 1721 3540 ad·

917 3578 1003 3628 ventu
1021 3574 1056 3628 sit
1074 3575 1165 3630 oratio
1181 3582 1202 3629 η’
1212 3576 1352 3641 fidelibus,
1367 3576 1415 3648 qui
1429 3592 1493 3630 vere
1506 3578 1548 3629 est
1565 3572 1723 3629 misericer-

917 3662 964 3717 dia
980 3663 1081 3729 Putris,
1098 3665 1126 3717 et
1137 3663 1207 3729 Filii,
1224 3665 1253 3717 ot
1271 3664 1387 3717 salvatio
1407 3663 1536 3718 fidelium
1560 3663 1595 3716 de
1615 3662 1722 3734 Spiritu

917 3755 1015 3806 salicto
1031 3751 1148 3804 scilicet.
1165 3750 1273 3805 Dicitur
1286 3750 1364 3805 enim
1378 3751 1499 3821 Spiritus
1511 3754 1626 3804 sauctus
1637 3749 1721 3804 mise-

915 3839 1040 3893 ricordia
1055 3839 1147 3893 Patris
1161 3841 1189 3891 et
1204 3839 1276 3905 Filii,
1302 3839 1428 3909 eoquod
1443 3838 1504 3909 ejus
1530 3837 1722 3893 illustratione

917 3928 1036 3981 Pateret
1051 3926 1174 3981 l'iliusm
1183 3925 1376 3981 isericorditer
1385 3927 1507 3981 salutem
1515 3925 1645 3980 fidelium
1656 3941 1723 3996 ope·

916 4017 1025 4070 rantur.
1043 4017 1082 4070 lle
1093 4016 1148 4069 hoe
1159 4013 1264 4086 Spiritu
1279 4016 1377 4069 sancto
1390 4014 1436 4069 hic
1451 4013 1581 4069 collectio
1592 4013 1721 4068 fidelium

917 4108 989 4171 orat,
1004 4105 1075 4159 utin
1093 4107 1223 4159 mentem
1234 4120 1316 4158 suam
1332 4104 1493 4175 specialiter
1515 4102 1619 4169 veniat,
1630 4102 1721 4158 etsibi

916 4193 1081 4248 facundiam
1096 4193 1221 4248 scientiae
1235 4196 1264 4248 et
1275 4192 1380 4266 eloquii
1390 4192 1506 4258 tribuat,
1517 4194 1548 4244 ut
1559 4190 1722 4246 infidelibus

917 4283 969 4339 sibi
986 4281 1226 4355 exprobrantibus
1235 4278 1638 4349 rationabiliterrespondeat.
1654 4277 1723 4332 Orat

100 4370 167 4436 Oro,
183 4372 295 4426 inclino:
311 4389 362 4426 oro
373 4390 499 4445 qnoque,
512 4381 600 4427 everte
612 4373 701 4428 nodos
711 4390 780 4429 niem
792 4374 865 4429 inte·
878 4375 904 4434 D
917 4388 1030 4443 quoque
1046 4387 1082 4425 ne
1098 4370 1133 4424 ab
1149 4370 1263 4442 eloquio
1281 4369 1341 4436 Dei,
1354 4372 1383 4423 et
1401 4386 1417 4423 a
1440 4367 1510 4437 legis
1524 4364 1653 4419 custodia
1668 4380 1720 4419 uu-

62 4457 319 4524 riures,neeideont
330 4463 484 4527 evenientem,
498 4460 579 4515 idest
591 4465 686 4515 averto
702 4462 867 4517 affectiones

62 4546 156 4601 cordis
172 4547 239 4614 mei,
250 4564 286 4602 ne
301 4548 429 4618 cogitent
442 4549 609 4614 vanitatem,
633 4548 738 4602 scilicet
749 4565 784 4602 ne
793 4550 867 4603 bene

62 4649 167 4704 operer
181 4651 351 4690 eausavonu·
362 4638 460 4706 glorior
474 4640 502 4691 et
513 4635 752 4690 favoristmruani.
765 4635 867 4690 Videre

62 4720 258 4792 precogitare
286 4723 369 4795 ponit
397 4740 430 4777 co
447 4725 523 4795 quod
539 4740 589 4777 cor
614 4725 691 4777 nullo
708 4723 763 4777 otio
780 4725 866 4779 modo

62 4809 232 4880 ridetquam
243 4811 407 4881 cogitando.
419 4812 475 4867 Oro
487 4812 613 4883 insuper,
626 4811 729 4880 eim'fico
742 4815 867 4866 irrer‘ner‘n

63 4905 119 4963 ηιη,
130 4896 159 4951 id
171 4901 214 4951 est
222 4898 267 4952 fac
276 4915 322 4953 me
332 4900 491 4970 intelligere
502 4899 722 4954 vivificationem
729 4916 867 4971 magnam

62 5001 124 5038 esse
139 4984 298 5075 1100478
311 4988 388 5059 quod
404 4986 649 5058 aliquisestinvia
661 4987 867 5042 mandatorum

62 5084 192 5135 tuorum.
209 5076 291 5140 Quod
307 5080 348 5129 cst
364 5074 457 5129 dicere
470 5091 476 5128 :
491 5074 626 5145 Ulmogis
642 5075 726 5129 invia
740 5079 867 5147 tuapcr·

62 5169 173 5234 sistam,
191 5167 234 5221 iac
247 5181 294 5218 mc
308 5163 396 5218 ortulis
411 5164 517 5216 mentis
532 5179 647 5232 semper
661 5163 769 5230 videre,
786 5163 867 5219 illum

64 5256 173 5310 vultum
199 5250 397 5305 vivificationis
415 5250 478 5319 jaur
506 5250 612 5304 habero
629 5250 677 5320 qui
694 5249 724 5305 in
751 5252 804 5304 lroc
825 5252 869 5305 via

65 5342 199 5416 persistit.
216 5341 278 5394 Non
294 5339 388 5393 sulum
408 5341 505 5392 autem
521 5354 573 5393 oro
587 5338 688 5392 deduci
709 5341 737 5391 in
749 5343 869 5393 seruilem

64 5431 253 5487 mendatorum
260 5435 377 5491 tuorum,
386 5427 434 5481 sed
448 5444 499 5483 oro
508 5435 727 5499 quoque‚statue
737 5429 870 5498 eloquium

67 5528 143 5575 tuum
155 5535 228 5573 seruo
239 5523 294 5579 tero,
307 5516 337 5570 id
354 5520 396 5570 est
415 5516 496 5584 mihi,
514 5515 581 5589 quia
595 5533 691 5571 servus
715 5520 779 5571 tuus
793 5533 868 5584 sum,

66 5603 877 5678 statutumctflrmuurfacpraseeptumtuummeunquam

917 4475 1005 4529 alnam
1021 4458 1142 4512 deficiat.
1155 4457 1295 4527 adjungit
1310 4456 1425 4526 iusuper
1435 4468 1591 4508 causascur
1606 4451 1660 4507 hoc
1675 4451 1722 4507 dc·

916 4546 983 4600 beat
996 4546 1127 4600 obtinere
1143 4545 1220 4617 quod
1236 4547 1310 4597 orat.
1327 4544 1381 4597 Per
1394 4543 1448 4597 lroc
1463 4545 1561 4596 autem
1577 4540 1722 4596 auditores

918 4633 1031 4687 instruit
1046 4634 1163 4703 perlraec
1176 4631 1279 4686 eadem
1292 4630 1585 4693 ora1·e.Quiaverode
1597 4645 1722 4700 persona

918 4720 1039 4791 Spiritus
1054 4720 1144 4774 saneti
1155 4719 1191 4772 sit
1203 4718 1249 4773 hie
1265 4718 1369 4787 oratio,
1394 4735 1446 4791 per
1461 4718 1518 4772 vim
1548 4718 1720 4786 interpreta-

917 4808 1005 4864 tionis
1017 4809 1101 4879 hujus
1116 4808 1218 4862 litterar
1231 4807 1395 4865 denotatur.
1413 4810 1484 4862 Cum
1511 4806 1590 4861 enim
1605 4806 1721 4858 Patrem

918 4898 953 4952 dc
970 4897 1038 4951 Filio
1066 4897 1195 4968 superius
1210 4896 1343 4962 oraverit,
1367 4899 1398 4949 ut
1410 4897 1483 4949 esset
1511 4892 1536 4946 ei
1560 4893 1616 4958 lex,
1633 4889 1722 4945 ethic

922 4987 982 5040 Vnu
1008 4984 1194 5051 inscribatnr;
1215 5001 1279 5056 qure
1302 4985 1330 5037 et
1343 4983 1385 5035 itte
1411 4981 1626 5051 interpretatur,
1643 4978 1721 5041 idem

918 5075 992 5128 valet
1005 5090 1037 5128 ae
1045 5073 1073 5151 si
1090 5076 1188 5146 aperte
1205 5072 1367 5125 diceretur:
1382 5068 1474 5134 Oravi,
1486 5068 1608 5122 ltomine
1626 5068 1720 5133 Pater,

919 5166 949 5217 ut
965 5161 1077 5229 l'iliurn,
1089 5161 1137 5233 qui
1151 5160 1197 5214 via
1212 5162 1255 5214 est
1264 5156 1514 5229 justificationum,
1530 5154 1601 5209 milri
1624 5155 1721 5226 legem

919 5268 1019 5323 porres.
1037 5251 1093 5305 Oro
1109 5253 1139 5302 ut
1152 5249 1194 5302 ille
1206 5247 1307 5302 tertius
1322 5246 1351 5300 in
1367 5261 1499 5317 persona,
1516 5243 1558 5296 itte
1568 5242 1718 5315 gloriosus,

920 5340 962 5393 itte
974 5337 1151 5410 magnificus,
1167 5335 1288 5407 Spiritus
1300 5336 1414 5388 sanetus
1426 5332 1540 5399 seilicet,
1553 5331 1589 5386 ad
1602 5348 1650 5387 me
1660 5347 1722 5402 spe-

920 5427 1029 5483 cialiter
1041 5427 1182 5481 mittatur.
1192 5424 1364 5494 Plerumque
1373 5437 1478 5493 nempe
1488 5429 1553 5476 cum
1564 5419 1610 5474 ille
1621 5421 1660 5474 sic
1670 5421 1721 5475 ab·

921 5518 1012 5573 solute
1029 5513 1153 5588 ponitur,
1168 5510 1275 5584 aliquid
1292 5526 1433 5583 magnum
1448 5513 1477 5565 et
1491 5509 1616 5564 notabile
1632 5509 1722 5564 dauo-

923 5607 1009 5659 tatur.
1026 5600 1056 5657 Si
1074 5616 1141 5658 vero
1156 5600 1242 5655 aliam
1262 5599 1348 5673 hujus
1362 5598 1438 5654 vocis
1451 5598 1723 5672 interpretationem
