3772 5976
91 312 145 367 3⁴29
884 306 975 370 ACTA
1710 333 1762 385 530

128 438 156 492 ὃ.
168 436 230 491 Non
255 436 333 490 enirn
355 436 471 508 vulgare
494 437 549 491 illis
570 439 787 510 proponebatur
809 457 906 493 ercur-
917 444 945 502 A
958 442 992 495 At
1009 459 1084 496 nunc
1095 459 1127 497 er
1144 444 1206 514 ejus
1221 460 1270 499 ore
1295 443 1453 499 audivimus
1471 446 1548 516 justo
1573 464 1639 503 eum
1655 451 1705 505 oei
1717 453 1761 523 ju·

92 527 187 596 plum,
202 542 254 579 nec
269 526 332 579 erat
347 525 396 579 illa
411 541 455 579 res
471 526 581 581 ludicra
595 530 643 580 aut
658 527 738 597 parvi
752 527 905 590 momenti.
959 529 1032 584 dicio
1048 531 1285 587 condemnatum.
1304 534 1365 598 Qua
1378 550 1446 588 voce
1462 533 1681 606 quidpossitaut
1693 539 1760 609 diei,

92 619 270 673 Damnatum
288 615 334 670 ille
347 633 376 670 se
389 615 467 686 justo
489 616 538 671 Dei
556 616 666 687 judicio
687 618 843 685 clamabat,
858 613 907 692 qui
957 623 1006 673 aut
1017 620 1087 692 fingi
1104 621 1285 677 terribilius?
1308 621 1375 686 Quis
1400 623 1436 677 ad
1462 623 1523 693 ejus
1548 625 1677 680 auditum
1700 645 1760 685 non

90 707 133 762 sic
147 706 224 760 inter
238 704 372 761 homines
386 704 485 759 vixisse
501 704 575 759 visus
596 709 680 773 esset,
699 709 730 760 ut
755 707 790 761 ab
815 706 907 764 omni.
956 709 1032 762 totus
1047 712 1251 766 contremiscat
1265 712 1278 767 1
1292 711 1365 776 Ouid
1380 716 1424 766 est
1434 712 1512 766 enim
1528 714 1698 770 damnatum
1716 734 1759 773 es·

89 796 145 852 bus
160 799 274 848 sanctus
294 796 452 865 putaretur.
473 792 611 848 Dicebant
629 793 676 847 alii
702 794 739 849 ad
764 795 833 850 alios
852 812 858 850 :
875 795 905 850 Si
955 813 994 864 se,
1012 799 1064 852 nisi
1081 799 1110 853 in
1125 816 1159 854 ea
1175 800 1305 855 incidisse
1328 802 1415 866 mala,
1432 818 1496 871 quoe
1514 803 1592 856 nulla
1615 819 1697 858 mens
1716 821 1760 860 ca-

89 885 129 941 sio
144 884 248 940 accidit
262 883 327 937 huie
342 885 423 938 tanto
449 882 520 950 viro,
537 884 598 936 tam
624 882 741 955 insigni,
764 884 835 956 quid
850 902 904 941 nos
953 902 1033 956 pere,
1050 887 1128 941 nulla
1140 888 1238 959 lingua
1251 888 1393 959 explicare
1407 888 1525 961 potest?
1541 888 1609 953 Quae
1623 893 1721 946 tamen
1735 892 1758 948 si

88 973 189 1029 miseri
205 975 370 1043 exspectare
397 971 561 1026 debemus?
579 971 710 1026 Tandem
742 989 777 1027 ea
802 976 901 1030 tamen
953 975 1126 1046 quandoque
1143 976 1397 1042 frncmhaberent,
1413 979 1757 1048 possentsaltemutcuu-

87 1062 222 1118 omnium
240 1060 294 1115 fuit
305 1061 458 1127 sententia,
476 1059 715 1131 quandoquidem
731 1061 776 1116 ille
800 1064 899 1134 palam
951 1076 1007 1131 que
1023 1063 1112 1116 videri
1126 1064 1300 1131 tolerabilia;
1317 1065 1382 1135 jam
1398 1081 1464 1119 vero
1491 1082 1557 1119 cum
1586 1066 1643 1120 sint
1669 1069 1757 1139 longe

88 1150 237 1206 coufessus
249 1152 331 1216 esset,
344 1166 373 1203 se
386 1149 463 1219 josto
480 1148 529 1202 llci
542 1148 651 1219 judicio
671 1150 899 1205 condemnatum
951 1151 1146 1219 acerbissima,
1163 1170 1215 1207 nec
1229 1154 1318 1207 ullum
1335 1170 1465 1224 unquam
1480 1153 1568 1207 etiam
1586 1155 1755 1224 postinfrni·

89 1242 121 1294 ct
135 1240 334 1312 reprobatum,
352 1241 383 1291 ut
398 1237 477 1291 omui
494 1236 624 1290 Ecclesiae
640 1236 777 1309 suffragio
797 1239 899 1311 etipsa
950 1241 992 1292 tas
1007 1257 1151 1295 annorum
1177 1242 1322 1313 myriades
1343 1243 1432 1296 finem
1453 1243 1604 1313 accipiant,
1620 1260 1678 1298 non
1693 1260 1757 1314 pos·

88 1345 205 1401 quoque
221 1326 410 1381 ecclesiastica
421 1325 712 1398 sepulturaindignus
722 1333 896 1398 censeretur,
949 1332 1015 1383 suut
1030 1346 1088 1383 non
1104 1348 1165 1384 esse
1180 1331 1312 1385 omnium
1329 1330 1483 1386 miserrimi
1509 1335 1537 1386 et
1557 1331 1754 1399 infelicissimi,

88 1420 119 1471 et
133 1417 162 1471 in
179 1418 241 1471 loco
251 1414 373 1488 profano
388 1415 417 1468 in
431 1414 611 1485 sterquilinio
625 1414 898 1488 sepeliretur3quod
948 1415 996 1486 qui
1008 1417 1045 1470 ad
1056 1435 1090 1471 ea
1105 1419 1304 1474 devolvuntur.

87 1506 177 1561 etiarn
205 1505 313 1559 fectum
340 1507 382 1558 est
402 1505 486 1573 (172).
508 1502 590 1569 Sunt,
608 1505 657 1575 qui
678 1505 835 1573 afflrment,
859 1506 896 1560 ob
983 1508 1008 1559 fl.
1024 1505 1177 1562 Videamus
1193 1525 1281 1573 nuno,
1292 1508 1395 1563 fratres
1406 1507 1474 1575 mei,
1484 1508 1638 1580 quidapud
1648 1508 1755 1566 inferos

86 1597 260 1667 perpetuam
273 1593 357 1664 hujus
369 1593 575 1665 expavescendi
592 1593 692 1664 judieii
708 1595 895 1663 memoriam,
946 1592 1037 1662 prosit
1053 1593 1078 1647 ei
1095 1598 1156 1648 tam
1171 1596 1263 1650 multo
1275 1597 1373 1651 labore
1388 1600 1470 1668 parta
1483 1596 1612 1665 scientia,
1624 1598 1755 1654 cumillic

85 1684 124 1738 ab
139 1700 174 1739 ee
186 1687 320 1755 tempore
336 1682 365 1736 in
382 1699 426 1749 ea,
438 1698 526 1752 quarn
541 1681 624 1736 toties
634 1682 696 1751 jam
720 1700 898 1739 commemo·
946 1681 1125 1752 sempiterna
1148 1684 1259 1738 laboret
1279 1684 1406 1739 caecitate
1422 1688 1452 1739 et
1473 1685 1661 1756 ignorantia?
1679 1686 1753 1750 Quid

84 1771 223 1839 ravimus,
253 1771 386 1837 lectione,
418 1769 523 1824 omissa
547 1787 608 1824 esse
631 1771 688 1825 duo
712 1771 773 1826 lraec
796 1774 895 1839 verba,
909 1763 935 1822 B
947 1784 1017 1840 opes
1031 1773 1059 1824 ct
1075 1771 1176 1842 copim,
1193 1789 1258 1825 rum
1275 1790 1394 1826 necuna
1406 1772 1431 1826 ei
1446 1776 1580 1844 suppetat
1595 1791 1677 1845 aquae
1688 1777 1753 1846 gut·

85 1860 238 1932 Responde
255 1858 326 1913 mihi
341 1857 427 1930 (173).
443 1859 462 1911 F
465 1857 506 1912 uit
521 1874 588 1912 sane
604 1858 702 1912 multis
712 1860 810 1914 efficax
825 1859 895 1914 inci·
946 1859 984 1924 ta,
1000 1875 1057 1929 qua
1072 1861 1161 1930 possit
1181 1860 1328 1915 aestuautis
1347 1860 1489 1931 gehennae
1505 1861 1655 1916 ardoribus
1670 1879 1751 1916 erus·

83 1951 250 2004 tomentum
266 1947 402 2002 advitam
416 1946 604 2018 animumque
617 1947 822 2019 corrigendum
834 1952 894 2004 tam
944 1947 1005 1999 tam
1019 1947 1191 2019 refrigerare
1206 1947 1335 2019 linguam
1348 1948 1361 2002 ’1
1372 1947 1446 2012 Quid
1458 1948 1620 2003 bonoreset
1630 1949 1750 2018 deliciae,

83 2036 247 2092 inauditum
264 2035 446 2089 miraculum.
944 2048 1010 2087 cum
1026 2038 1069 2088 tot
1082 2052 1157 2089 nunc
1172 2035 1327 2091 inomuem
1342 2036 1536 2091 aeternitatem
1546 2041 1665 2108 rogatur
1674 2038 1752 2093 ferre

120 2131 147 2182 7.
164 2126 236 2180 Nam
253 2124 356 2196 etipse
377 2123 546 2180 venerabilis
563 2124 669 2191 llruno,
686 2141 752 2179 cum
768 2143 893 2197 praesens
943 2125 1100 2190 tormenta,
1119 2128 1189 2195 quot
1212 2125 1241 2179 in
1263 2126 1373 2179 mundo
1388 2125 1488 2180 habuit
1511 2126 1751 2181 oblectamenta?

84 2214 208 2280 adesset,
224 2216 253 2268 ct
267 2212 324 2267 suis
340 2213 427 2267 oeulis
447 2215 533 2284 atque
555 2212 672 2267 auribus
693 2214 792 2268 omnia
817 2214 893 2269 dicta
942 2211 1071 2266 Vidimus
1086 2229 1189 2283 corpus
1204 2214 1266 2284 ejus
1279 2230 1344 2267 curn
1360 2230 1476 2267 summa
1496 2213 1659 2285 ignominia
1672 2230 1751 2284 sepe-

83 2304 217 2374 factaque
232 2301 381 2368 hausisset,
405 2300 528 2356 nimium
554 2300 739 2356 formidando
756 2299 910 2376 obstupe-'
942 2298 988 2353 liri
1002 2299 1030 2353 iu
1043 2301 1234 2372 sterquilinio,
1252 2301 1411 2373 cogitemus
1429 2302 1748 2373 animamejussulplru·

81 2391 175 2447 factus
187 2391 331 2461 exemplo,
347 2393 424 2445 totus
439 2389 469 2443 in
486 2390 628 2461 lacrymas
645 2391 797 2458 resolutus,
814 2408 891 2448 acer-
940 2387 998 2442 reis
1012 2405 1127 2460 semper
1142 2406 1273 2444 arsuram
1289 2390 1425 2457 flammis,
1447 2391 1589 2461 sepultam
1610 2390 1638 2444 in
1663 2390 1750 2445 infer-

83 2480 118 2534 be
133 2479 278 2551 plorebat,
289 2479 527 2550 cogitaussecurn
542 2477 630 2532 divini
641 2478 741 2549 judicii
754 2481 888 2536 severita-
940 2494 988 2545 no,
1006 2478 1054 2533 ubi
1070 2478 1176 2533 vermis
1192 2496 1292 2534 eorum
1309 2496 1368 2534 nou
1379 2480 1530 2546 morietur,
1545 2496 1596 2535 nec
1606 2479 1681 2551 ignis
1689 2497 1749 2535 exs-

82 2570 153 2634 tem,
166 2567 310 2622 incertum
327 2567 411 2638 hujus
426 2565 490 2621 vitae
514 2565 634 2633 exitum,
658 2568 687 2622 et
710 2584 798 2639 quam
820 2569 887 2624 hor·
940 2566 1099 2638 tinguatur,
1117 2568 1165 2622 ubi
1182 2568 1257 2640 ignis
1270 2570 1349 2624 saevit
1363 2569 1561 2636 intolerabilis,
1584 2570 1670 2624 fustor
1687 2586 1750 2624 cru·

81 2655 207 2710 rendum
221 2655 257 2709 sit
272 2654 399 2709 incidere
414 2654 443 2708 in
459 2671 562 2709 manus
576 2654 626 2709 Dei
651 2655 779 2710 virentis.
795 2656 888 2711 Terri-
940 2653 996 2708 ciat
1011 2655 1224 2722 abominabilis,
1241 2656 1324 2711 dolor
1339 2660 1428 2711 vastat
1450 2656 1611 2711 ineffabilis.
1634 2656 1747 2729 Cogite-

80 2748 125 2799 tus
140 2760 211 2815 ergo
225 2746 254 2798 et
268 2743 421 2810 salubriter
435 2746 635 2814 compunctus,
648 2744 794 2799 accersivit
809 2745 888 2800 adse
939 2758 1004 2797 mus
1019 2743 1092 2810 haec,
1105 2744 1209 2798 fratres
1223 2745 1292 2811 mei,
1310 2762 1362 2800 nec
1377 2745 1584 2817 perfunctorie,
1601 2746 1649 2800 sed
1672 2746 1746 2801 serio

80 2833 236 2887 nonnullos
252 2849 285 2886 er
299 2832 393 2903 magis
406 2831 597 2887 familiaribus
608 2831 691 2886 sociis
703 2836 732 2886 et
745 2832 888 2904 discipulis
939 2830 1108 2901 cogitemus,
1117 2836 1146 2887 et
1156 2833 1272 2886 salutari
1279 2832 1444 2889 animarum
1452 2835 1747 2903 nostrarumemplec·

81 2920 148 2987 suis,
166 2920 337 2991 magistrum
348 2919 540 2987 bauduinum,
551 2911 606 2992 vqui
621 2925 686 2992 post
700 2937 766 2974 eum
778 2921 887 2992 primus
937 2921 1162 2976 teudorenredio
1172 2921 1744 2994 nobisprospiciamus,neetiarnnoscam

79 3007 133 3063 fuit
148 3007 305 3062 Cartlrusiae
321 3008 482 3080 praefectus,
498 3008 555 3062 sive
567 3008 658 3081 prior,
672 3010 743 3064 duos
766 3008 886 3082 Stepha-
902 3008 987 3105 Gillo
997 3027 1159 3082 pereamus.
1179 3010 1300 3064 Unicum
1316 3013 1413 3064 autem
1433 3013 1561 3082 superest
1581 3010 1741 3066 remedium

79 3113 143 3164 nos,
164 3096 345 3168 Burgensem
373 3099 401 3150 et
428 3095 573 3166 Diensem,
605 3098 709 3152 ambos
734 3099 888 3154 canonicos
937 3115 1005 3152 vera
1020 3098 1271 3168 poenitentiarum
1289 3099 1348 3169 ipse
1360 3097 1675 3153 Salvatordicat:«Nisi
1686 3114 1743 3169 poe·
1826 3096 1831 3106 '

79 3186 177 3241 Sancti
189 3186 263 3250 Rufi,
278 3187 439 3257 llugonem,
452 3186 885 3259 quemdiccbantCapellanum,
937 3185 1329 3259 nitentiamegeritis,onrues
1339 3186 1471 3241 similiter
1485 3185 1614 3258 peribitis
1631 3185 1712 3258 (175).
1727 3208 1740 3236 »

80 3276 157 3347 quod
168 3276 245 3329 solus
253 3275 329 3330 inter
339 3291 387 3329 eos
395 3274 555 3330 sacerdotio
573 3275 701 3332 initiatus
712 3281 785 3331 esset
800 3277 885 3349 (171),
937 3276 1026 3331 Pleua
1038 3279 1080 3330 est
1090 3273 1610 3350 Scripturavocibusadpoenitentiam
1622 3274 1741 3329 hortan-

79 3366 151 3421 duos
163 3364 267 3431 'laieos,
287 3364 436 3419 Andream
461 3369 490 3418 et
511 3364 678 3432 Guarinum,
706 3366 802 3438 quiet
826 3367 886 3438 ipse
936 3365 1019 3419 tibus.
1038 3365 1114 3420 Hanc
1130 3365 1227 3438 itaque
1247 3381 1298 3419 nos
1314 3364 1533 3434 amplectamur,
1549 3363 1652 3416 fratres
1674 3364 1741 3418 elia·

78 3453 144 3508 buic
159 3454 322 3524 spectaculo
336 3453 538 3520 interfuerant,
560 3454 657 3526 aitque
681 3454 884 3525 lacrymabun—
934 3452 1050 3522 rissimi,
1065 3453 1087 3507 si
1105 3454 1236 3508 volumus
1247 3453 1357 3524 justum
1377 3451 1427 3506 Dei
1444 3451 1571 3523 effugere
1586 3449 1738 3521 judicium.

78 3542 174 3597 dusad
185 3558 249 3597 cos:
263 3542 343 3607 llere,
360 3540 463 3594 fratres
485 3544 514 3595 et
531 3541 615 3595 arnici
638 3543 705 3611 mei,
730 3543 757 3596 in
773 3543 884 3599 Clrristo
936 3540 999 3595 Sint
1015 3541 1097 3596 nobis
1110 3542 1247 3613 lacrymae
1265 3545 1370 3595 nostrae
1384 3556 1473 3611 panes
1489 3539 1534 3594 die
1550 3556 1582 3593 ac
1598 3543 1693 3607 nocte,
1711 3542 1740 3594 ct

78 3630 161 3685 unice
176 3629 266 3696 chari,
283 3629 405 3683 vidimus
417 3645 469 3700 per
484 3630 537 3683 hos
552 3630 611 3684 dies
627 3635 655 3685 et
670 3631 885 3686 audivimusad-
935 3628 969 3682 iis
982 3629 1125 3684 diluamus
1140 3629 1238 3684 sordes
1251 3631 1437 3700 peccatorum
1453 3630 1630 3682 nostrorum.

76 3718 212 3773 miranda
227 3719 312 3789 plane
328 3721 414 3788 atque
429 3719 582 3789 stupenda,
599 3736 662 3791 quae
687 3721 884 3776 tamennobis
972 3722 1013 3772 l0.
1043 3718 1131 3772 Voces
1157 3717 1223 3783 illae,
1253 3734 1324 3788 quas
1348 3716 1518 3783 audivimus,
1546 3719 1739 3788 uonpropter

77 3805 189 3878 possint
204 3821 342 3876 magnam
364 3805 467 3860 afferre
494 3806 657 3870 utilitatem,
673 3806 695 3860 si
715 3807 764 3871 ita,
781 3810 812 3860 ut
832 3822 883 3877 par
934 3805 1014 3859 illum
1031 3805 1114 3859 editae
1122 3808 1198 3870 sunt,
1210 3804 1258 3877 qui
1266 3805 1417 3859 defunctus
1425 3807 1477 3870 est,
1485 3803 1535 3858 sed
1545 3807 1664 3875 propter
1674 3821 1736 3872 nos,

77 3896 130 3959 est,
147 3892 277 3947 defuncti
293 3893 387 3963 hujus,
411 3892 504 3947 modis
527 3893 661 3947 omnibus
686 3893 882 3961 infelicissimi,
933 3897 964 3947 ut
980 3893 1063 3947 nobis
1080 3892 1243 3964 proficiant,
1266 3908 1337 3964 quos
1366 3891 1459 3945 adhuc
1483 3890 1579 3945 divina
1598 3890 1737 3962 patientia

76 3981 312 4052 nonperieulum
336 3984 385 4035 aut
410 3998 490 4036 casus
515 3981 628 4047 dubius,
655 3982 705 4036 sed
725 3982 884 4037 certissima
932 3980 1140 4053 longanimiter
1164 3983 1317 4052 exspectat.
1346 3979 1408 4034 Non
1437 3978 1611 4047 differamus,
1628 3996 1736 4051 quaeso,

77 4067 228 4124 damnatio
240 4072 397 4124 cautosuos
410 4069 506 4136 faciat,
520 4073 548 4124 et
564 4070 698 4125 sollicitos
709 4071 746 4126 ad
766 4073 881 4144 placau-
933 4073 996 4127 vitae
1012 4072 1222 4127 correctionem
1238 4072 1273 4126 de
1289 4070 1334 4126 die
1350 4070 1378 4124 in
1390 4071 1556 4138 dicm,cum
1564 4071 1735 4140 nesciamus,

77 4157 148 4213 dum
156 4159 534 4230 Dominum,cujusmanum
542 4159 668 4232 effugere
679 4178 766 4216 nemo
775 4165 880 4233 potest.
932 4177 989 4232 qua
1003 4161 1075 4215 hora
1090 4159 1230 4215 llominus
1246 4162 1344 4214 noster
1358 4161 1492 4213 venturus
1515 4158 1559 4213 sit.
1577 4157 1630 4222 Qui
1646 4159 1737 4228 enim,

113 4249 139 4302 8.
155 4247 191 4300 Ε1
206 4247 279 4319 quis,
291 4248 420 4314 obsecre,
441 4251 500 4301 tarn
514 4265 598 4303 saxeo
610 4248 645 4302 sit
656 4253 782 4319 pectore,
794 4268 880 4321 quem
932 4252 963 4303 ut
978 4248 1341 4319 aitbeatissimuspontifex
1356 4246 1518 4318 Gregorius,
1530 4246 1681 4318 poenitenti
1694 4263 1739 4302 ve·
1788 4268 1793 4278 .

76 4334 305 4407 taleexemplum
313 4335 349 4390 ad
356 4336 500 4406 agendam
511 4337 710 4406 poenitentiam
718 4330 920 4394 noninvitetD
933 4337 1011 4391 niam
1027 4336 1193 4408 spopondit,
1207 4336 1337 4409 peccanti
1347 4336 1424 4390 diem
1434 4335 1658 4391 crastinumuou
1668 4351 1736 4410 pro·

76 4423 177 4492 modo,
191 4425 241 4479 scd
256 4426 345 4480 etiam
360 4425 513 4497 impellat?
537 4429 593 4482 llut
615 4427 678 4499 quis
699 4431 759 4483 tam
784 4430 883 4485 lethali
932 4427 1019 4481 misit.
1036 4426 1082 4480 llis
1097 4426 1189 4480 verbis
1204 4426 1370 4497 compuncti
1386 4429 1452 4479 suut
1468 4424 1553 4479 corde
1567 4440 1670 4479 omnes
1684 4423 1735 4490 illi,

76 4528 192 4585 pressus
210 4512 246 4568 sit
270 4530 372 4569 somno
398 4513 531 4569 vitiorum
548 4518 578 4569 ut
601 4516 741 4587 deplorati
757 4517 883 4573 hominis
933 4519 961 4569 et
972 4513 1085 4569 ardenti
1098 4514 1239 4568 desiderio
1255 4513 1410 4585 cupiebant
1422 4513 1491 4567 dare
1504 4530 1533 4568 se
1548 4513 1736 4584 poenitentia,

75 4600 162 4670 hujus
185 4601 315 4656 infaustis
337 4602 520 4669 elamoribus,
543 4603 601 4657 imo
618 4607 646 4657 et
667 4605 801 4659 tonitruis
823 4624 882 4662 non
933 4605 983 4659 sed
994 4604 1114 4659 modum
1128 4607 1157 4657 et
1168 4604 1263 4657 locum
1278 4601 1662 4673 necdomvidebant.ltaque
1675 4617 1739 4673 per-

75 4689 216 4744 excitetur
228 4693 256 4744 et
269 4690 443 4762 expergefiat
451 4690 778 4748 adcurandumsalulem
787 4695 884 4751 suam?
933 4692 1062 4747 conteuti
1072 4691 1106 4745 dc
1116 4691 1160 4745 his
1172 4691 1329 4755 lauduino,
1341 4685 1403 4745 viro
1415 4690 1499 4745 docto
1517 4693 1546 4744 et
1557 4690 1615 4762 pio,
1624 4694 1738 4745 sauctus

75 4777 212 4832 Novimus
234 4780 309 4833 hunc
323 4778 416 4833 virum
439 4780 531 4834 multa
552 4780 692 4852 sapientia
716 4783 881 4853 praeditum,
933 4778 1739 4853 Bruoorespondit:Spectaculum,quodvidimus,qo0d

75 4865 207 4927 moribus
223 4871 368 4934 ornatum,
390 4871 511 4935 castum,
528 4868 675 4941 pudicum,
697 4870 881 4940 prudentem,
933 4887 987 4925 nos
1003 4869 1108 4924 salubri
1117 4885 1241 4925 rnoerore
1252 4869 1358 4935 affecit,
1371 4868 1448 4940 quod
1456 4866 1636 4923 conturbavit
1652 4869 1737 4920 eter-

75 4953 592 5030 abomuibusbonoratumetmagnc
602 4957 630 5012 in
638 4959 731 5030 pretio
740 4959 882 5016 habitum.
931 4957 1104 5035 terruituos,
1113 4961 1240 5029 etpoenae
1251 4957 1434 5029 sempiternae
1444 4955 1601 5012 formidine
1621 4953 1740 5009 adduxit

114 5203 190 5277 (171)
207 5204 270 5275 Adi,
286 5225 350 5280 quar
361 5207 390 5263 in
402 5207 563 5277 Annotatis,
580 5209 770 5282 praecedentis
792 5213 882 5269 sancti
934 5212 1048 5266 sanctus
1059 5206 1095 5266 ad
1108 5227 1137 5265 sc
1148 5208 1320 5275 accersierit,
1334 5206 1493 5264 sacerdotio
1510 5203 1638 5261 initiatus
1652 5199 1739 5259 fuisse

73 5276 146 5332 vire
159 5279 244 5349 capiti
263 5284 273 5334 l
292 5281 435 5348 subnexis,
452 5282 564 5336 adnot.
580 5284 612 5337 37
628 5282 795 5339 dictasunt.
934 5283 980 5336 hic
996 5283 1108 5348 dicitur,
1126 5283 1254 5352 itemque
1271 5281 1419 5335 landuino
1436 5283 1464 5333 et
1488 5278 1560 5344 aliis,
1579 5277 1624 5330 hic
1640 5292 1740 5331 recen⁴

113 5349 190 5419 (173)
204 5349 268 5416 Adi,
286 5367 350 5422 quae
372 5352 401 5406 in
423 5353 618 5409 antecedentis
643 5356 734 5410 sancti
750 5356 820 5411 vae
835 5374 881 5412 ca·
936 5354 1006 5420 sitis,
1022 5353 1124 5408 videsis
1136 5352 1339 5408 commentarii
1359 5349 1456 5423 praevii
1476 5352 1572 5418 §aba
1593 5365 1675 5404 uum.
1689 5348 1742 5404 131

75 5421 130 5492 put
147 5423 157 5474 1
177 5419 215 5474 ad
230 5424 281 5475 net
296 5424 340 5488 38,
355 5426 455 5478 notata
470 5427 546 5478 sunt.
939 5424 1078 5496 usquead
1092 5424 1192 5479 finem.

114 5492 187 5555 (171)
200 5491 241 5549 lle
256 5492 376 5565 liugane
390 5493 556 5568 capellano,
566 5495 615 5567 qui
625 5497 701 5554 solus
712 5514 745 5554 ex
762 5497 805 5568 iis,
819 5514 893 5572 quos
981 5498 1056 5570 (175)
1071 5496 1112 5550 lta
1126 5496 1187 5551 fere
1200 5495 1281 5549 Lucre
1293 5509 1350 5564 rui,
1367 5495 1394 5549 3.
