3772 5970
175 318 243 378 uss
416 383 421 389 ⁴
476 313 506 370 s.
526 295 698 371 sansonis
718 285 1034 369 clnruutuuon'uu
1054 287 1288 367 ru‘srnmoms
1308 291 1385 366 och.
1407 306 1495 367 vans
1515 309 1525 363 1
1773 309 1833 366 nst

169 444 323 513 postquam
339 433 469 509 poputum
484 451 561 487 suurn
573 431 849 503 permarellubrum
866 428 1013 495 eduxite
1027 430 1104 500 quod
1129 429 1165 484 ad
1186 429 1335 485 historiam
1355 430 1463 502 prolixe
1483 429 1721 502 prophetizatum
1752 433 1795 483 cst
1820 448 1833 483 a

171 531 201 581 et
214 528 374 581 Phraonem
383 523 423 579 ibi
431 521 578 587 demersit,
595 520 730 575 eumdem
746 518 974 590 poputumsuum
1024 517 1158 571 teremia.
1172 516 1224 581 Qui
1240 522 1339 573 tamen
1354 519 1493 574 ieremias
1509 519 1539 573 in
1560 518 1619 572 fine
1633 517 1702 573 libri
1721 518 1765 571 sui
1777 534 1832 588 my-

169 613 375 680 transduxit,et
383 611 476 666 adhuc
485 609 644 663 transducit
654 606 817 680 adpatriam
827 605 973 659 celestem
1024 605 1091 658 stiee
1106 605 1322 677 prophetizavit,
1344 606 1420 677 quod
1440 607 1476 661 ad
1490 606 1643 660 historiam
1661 604 1833 677 praedixerat

169 701 357 774 perdesertum
367 695 857 770 hujusvitae,pervirtulesetbonas
871 708 972 763 opera·
1024 692 1059 746 dc
1074 693 1238 764 captivitate
1253 694 1430 749 Hierusalem
1447 694 1476 749 in
1488 694 1680 765 Babyloniam
1697 693 1777 747 taeta
1788 711 1833 765 per

170 791 274 846 tiones.
290 789 372 853 Quod
385 787 414 841 in
429 786 493 840 aliis
503 786 589 839 lsrael
602 786 856 857 praemonstratum
865 780 972 853 ost,qui
1023 780 1297 848 Nabuchodonosor,
1310 799 1373 853 quas
1385 782 1498 853 signum
1510 780 1833 852 erateaptivitatisllde·

170 882 200 939 in
215 884 325 937 terram
337 875 534 950 promissionis
549 890 601 946 per
615 874 761 928 desertum
772 869 974 925 sunttransdu·
1023 869 1105 935 lium,
1121 869 1240 924 caelestis
1251 870 1426 925 llierusalem
1443 870 1557 938 civium,
1573 870 1625 942 qui
1650 885 1723 925 vere
1734 870 1832 940 captivi

170 970 218 1025 cti.
236 964 410 1034 Quinetiam
423 980 459 1018 ne
475 963 598 1033 populus
612 962 673 1031 ejus
686 961 715 1014 in
730 961 783 1014 hac
792 957 973 1013 traductione
1025 957 1137 1011 dicendi
1153 960 1229 1023 sunt,
1242 958 1312 1012 dum
1333 976 1350 1013 a
1371 957 1477 1014 caelesti
1490 959 1672 1014 llierusalem
1695 958 1832 1023 exsulant,

170 1058 270 1148 543
299 1071 316 1109 a
330 1051 445 1123 maguis
459 1049 742 1120 etlortihusregihus
757 1047 974 1103 occurrentibus
1024 1044 1101 1099 inter
1111 1046 1262 1116 Rabylonis
1275 1047 1348 1101 cives
1362 1062 1483 1119 corpore
1495 1049 1716 1114 conversantes,
1734 1046 1833 1100 scilicet

170 1144 370 1217 impediretur,
386 1139 520 1194 Percussit
535 1155 606 1209 repes
621 1153 741 1207 magnos,
759 1136 787 1190 id
803 1138 846 1189 est
866 1149 974 1204 magna
1024 1133 1100 1187 inter
1115 1134 1223 1207 impios
1240 1136 1324 1206 hujus
1340 1135 1442 1190 mundi
1456 1135 1540 1202 illios,
1556 1136 1606 1207 qui
1622 1135 1692 1206 jure
1710 1134 1833 1205 Babylon

170 1236 288 1308 peccata
303 1228 466 1285 criminalia
482 1227 631 1299 percussit,
648 1242 685 1280 ne
698 1241 816 1279 suorum
832 1240 915 1294 roges
930 1239 973 1276 es·
1025 1221 1138 1287 dicitur,
1170 1222 1199 1275 id
1220 1226 1262 1276 cst
1281 1223 1422 1288 corilusio,
1443 1239 1477 1277 eo
1502 1223 1581 1294 quod
1596 1226 1739 1278 amantes
1758 1240 1787 1276 se
1808 1223 1834 1275 in

169 1323 253 1388 aent3
268 1326 293 1373 et
308 1334 366 1373 non
382 1317 421 1371 sic
439 1315 577 1387 percussit
600 1317 632 1368 ut
652 1329 710 1366 non
729 1312 868 1382 perirent,
886 1310 975 1365 sedet
1024 1309 1834 1382 contusionempraecipiteturusesteternam.1uxtaillud

170 1407 278 1473 oceidit,
299 1404 329 1459 id
342 1407 385 1459 est
399 1421 432 1458 ex
450 1406 511 1457 toto
532 1399 672 1455 destruxit
686 1399 749 1453 illos
764 1415 835 1466 repes
852 1411 974 1467 magnos
1024 1397 1208 1453 Dominicum
1224 1415 1230 1453 :
1247 1422 1261 1447 u
1278 1399 1444 1453 Filiiautem
1460 1399 1543 1470 regni
1557 1399 1644 1471 hujus
1663 1400 1835 1471 dejicientur

168 1498 255 1568 [ortes
269 1493 348 1565 prius
362 1491 526 1555 existentes,
541 1489 579 1542 sic
604 1491 635 1542 ut
653 1487 720 1541 inde
744 1485 831 1540 modo
848 1485 975 1556 quolibet
1025 1483 1053 1538 iu
1080 1486 1215 1540 tenebras
1237 1487 1393 1541 exteriores
1417 1486 1605 1558 (diastasin,
1623 1488 1683 1559 l2).
1700 1510 1716 1536 »ι
1733 1488 1773 1541 lle
1786 1487 1835 1540 hae

103 1574 104 1578 ἵ
170 1600 232 1639 sose
258 1580 395 1652 expedire
409 1594 467 1632 non
486 1581 612 1647 possent.
629 1575 739 1642 Orruit,
757 1575 889 1646 inquam,
904 1587 976 1644 repes
1025 1588 1095 1643 ergo
1116 1574 1279 1644 captivitate
1302 1575 1338 1629 ab
1358 1576 1535 1630 llierusalem
1560 1575 1687 1642 caelesti,
1719 1574 1835 1647 perlecti

169 1686 280 1742 magnos
295 1674 319 1722 et
328 1668 421 1738 sortes,
436 1665 543 1719 scilicet
556 1664 626 1718 Seou
642 1680 728 1733 regem
743 1661 974 1720 Amorrhoeorum,
1025 1660 1134 1728 fideles,
1149 1662 1177 1714 in
1194 1678 1227 1716 eo
1252 1663 1336 1732 positi
1355 1666 1455 1734 agunt,
1479 1663 1609 1717 dieentes
1626 1680 1659 1717 se
1683 1680 1772 1734 super
1786 1666 1834 1717 llu-

170 1768 198 1813 et
211 1758 347 1828 Oprepem
360 1753 465 1819 Bacca,
484 1759 509 1806 ct
523 1754 612 1806 omnia
628 1768 710 1820 regna
724 1749 868 1805 Characa.
881 1750 920 1805 Et
933 1748 976 1802 his
988 1752 1013 1810 Β
1026 1749 1106 1804 mirra
1131 1749 1285 1819 Rabylonis
1309 1751 1425 1818 sedisse,
1442 1753 1471 1805 et
1486 1751 1541 1805 illic
1556 1767 1610 1821 pro
1632 1752 1837 1806 recordatione

109 1911 113 1917 ¹
171 1847 281 1912 occisis,
296 1853 394 1898 terram
402 1841 480 1913 prius
506 1840 676 1894 existentem
692 1839 870 1893 hereditatem
887 1854 977 1890 eorsum
1027 1838 1095 1892 Sion
1111 1837 1230 1902 lievisse,
1247 1842 1275 1892 et
1288 1854 1424 1909 organaa
1439 1839 1571 1893 salicibus
1595 1840 1798 1910 suspendisse,
1813 1845 1839 1893 ct

171 1936 243 1990 dedit
270 1931 450 1988 hereditatem
472 1927 568 1993 Israel,
592 1927 621 1981 id
649 1930 691 1981 est
716 1926 822 1996 populo
848 1925 976 1979 lidelium
1026 1927 1169 1980 canticum
1188 1926 1305 1980 Domini
1331 1926 1359 1980 in
1375 1927 1469 1981 aliena
1487 1929 1565 1981 terra
1586 1944 1649 1982 non
1667 1929 1837 1982 cantavisse.

172 2039 255 2080 servo
272 2038 333 2087 suo,
345 2016 487 2082 existenti,
505 2016 534 2070 in
548 2014 683 2069 omnibus
693 2013 745 2066 sihi
760 2013 915 2067 obedienti.
931 2012 977 2065 lsti
1028 2013 1204 2067 Promittant
1217 2029 1331 2084 quoque
1347 2030 1376 2066 se
1394 2015 1571 2069 hierusalem
1585 2016 1715 2070 coelestis
1731 2015 1840 2070 assidue

172 2114 284 2183 septem
298 2123 394 2163 versus
407 2106 447 2159 ita
462 2105 490 2157 in
500 2104 554 2157 hoe
563 2103 672 2172 psalmo
688 2100 977 2173 exponunturutjam
1029 2101 1230 2154 recordaturos
1246 2117 1318 2163 esse,
1334 2105 1362 2154 et
1378 2105 1462 2156 orant
1475 2105 1506 2157 ut
1515 2102 1664 2157 Dominus
1675 2119 1795 2157 memor
1807 2105 1841 2156 sit

171 2199 201 2254 in
213 2194 386 2270 precedenti
400 2193 511 2265 psalmo
526 2188 646 2260 expositi
656 2191 732 2242 sunt.
750 2188 818 2242 [lico
832 2187 909 2258 quod
923 2188 979 2241 llo·
1029 2188 1249 2243 tribulationum
1264 2206 1328 2259 quse
1342 2190 1408 2244 eisa
1422 2190 1487 2245 filiis
1500 2190 1593 2245 Edom
1608 2191 1795 2259 inferuntur,
1812 2195 1841 2244 ut

172 2286 271 2343 minus
293 2283 422 2355 percussit
443 2296 514 2350 repes
534 2294 644 2347 rucpuos
669 2283 693 2330 ct
718 2278 813 2346 sortes,
829 2280 858 2330 et
874 2292 926 2331 nos
944 2275 979 2328 de
1030 2292 1077 2330 eas
1092 2275 1265 2348 quaudoque
1282 2281 1459 2343 remuneret,
1475 2280 1503 2332 ct
1519 2278 1609 2332 etiam
1625 2278 1792 2334 condolent
1807 2279 1840 2331 de

171 2375 295 2446 AEgypto
309 2370 416 2437 eduxit,
427 2371 455 2423 et
470 2371 574 2423 cratera
589 2366 729 2421 beneficia
744 2365 885 2431 contulit;
902 2364 979 2435 quod
1030 2364 1146 2418 miseris
1160 2363 1225 2418 lilim
1246 2364 1407 2435 Rabylonis.
1424 2366 1481 2420 lloc
1509 2368 1608 2420 autem
1624 2369 1727 2421 totum
1742 2367 1773 2421 in
1789 2368 1841 2421 hoc

173 2461 310 2535 equidem
323 2474 383 2513 non
406 2473 439 2510 ex
460 2455 571 2510 meritis
586 2453 700 2520 nostris,
726 2454 776 2507 sed
799 2470 831 2506 ex
849 2453 909 2506 sola
930 2467 980 2504 sua
1031 2452 1142 2522 psalmo
1158 2451 1266 2516 dicunt,
1278 2454 1309 2505 ut
1324 2453 1550 2509 ceteroshdeles
1562 2454 1591 2508 in
1606 2454 1668 2508 hac
1684 2454 1842 2509 eademea-

173 2545 372 2606 miserieordia
383 2543 460 2598 iecit.
477 2540 548 2607 Quia
564 2558 629 2595 cum
645 2541 705 2612 ipse
719 2557 772 2594 nos
782 2540 919 2596 oblivioni
931 2539 980 2592 de·
1031 2539 1161 2611 ptivitate
1177 2540 1444 2610 positosiustruaut,
1454 2544 1484 2595 ut
1498 2546 1527 2597 et
1538 2542 1592 2613 ipsi
1601 2542 1840 2596 similiterinhac

175 2637 250 2694 disse
264 2635 434 2694 visusesset,
458 2647 559 2684 monor
585 2630 639 2699 suit
668 2631 752 2683 nostri
778 2630 808 2682 iu
831 2627 981 2680 humilitate
1033 2627 1243 2698 captivitatese
1264 2628 1399 2683 habeant.
1428 2628 1501 2684 Sunt
1520 2634 1621 2685 autem
1638 2631 1729 2702 hujus
1743 2630 1840 2702 psalmi

175 2730 277 2792 nostru,
289 2723 319 2778 id
335 2724 377 2776 cst
391 2720 419 2774 in
435 2717 666 2774 consideratione
679 2715 850 2770 humilitatis
863 2717 980 2780 nostru»,
1032 2715 1121 2770 verba
1130 2716 1213 2785 juxto
1227 2716 1376 2771 historiam
1393 2718 1496 2788 posita.

176 2813 285 2869 scilicet
300 2807 524 2866 misericorditer
537 2803 892 2876 respiciensdejectionem
907 2818 983 2856 mor·
1079 2803 1178 2891 544
1194 2803 1280 2874 Super
1302 2808 1416 2873 flrrrru'ua
1434 2805 1582 2875 Batptrmis
1596 2808 1774 2872 existentes,
1788 2823 1838 2861 non

176 2901 295 2958 talitatis
306 2904 335 2954 et
350 2895 544 2970 passibilitatis
557 2898 674 2959 nostrae,
684 2893 713 2946 in
730 2909 816 2965 quam
828 2908 880 2963 per
890 2891 983 2945 Adam
1035 2893 1176 2946 submersi
1192 2892 1310 2963 quidem
1336 2895 1371 2948 ab
1386 2894 1453 2964 ipsis
1468 2894 1655 2961 fluminibus,
1673 2896 1784 2950 scilicet
1798 2911 1838 2949 ex·

179 2991 400 3045 deveneramus.
411 2985 451 3040 Et
466 2981 555 3037 nostri
564 2997 679 3035 memor
692 2980 920 3047 existens,morte
934 2993 985 3031 sua
1035 2981 1155 3035 istentes
1171 2997 1256 3052 supra
1277 2980 1459 3036 fraudulenta
1484 2983 1602 3052 negotia
1630 2985 1721 3055 hrrjus
1733 2983 1839 3045 mundi,

181 3077 291 3132 redemit
303 3091 350 3128 nos
366 3073 398 3128 ab
413 3073 528 3126 inimicis
553 3066 986 3137 nostris,avitiissoilicet,eta
1037 3085 1095 3123 non
1118 3068 1222 3121 subditi
1248 3068 1365 3139 quidem
1391 3069 1457 3141 ipsis
1472 3070 1607 3140 negotiis,
1642 3072 1695 3127 sed
1711 3088 1800 3143 super
1812 3087 1841 3123 ea

180 3163 328 3236 spiritibus
341 3160 487 3232 malignis.
1037 3157 1198 3222 existentes,
1211 3159 1239 3210 et
1254 3160 1496 3228 easupernentes;
1508 3159 1551 3212 vel
1559 3157 1653 3230 Super
1663 3161 1784 3228 (termina
1795 3158 1843 3214 Ba·

220 3250 386 3306 Notandum
402 3247 551 3319 quoniam,
575 3245 627 3300 etsi
647 3244 778 3314 superius
791 3243 893 3298 dixerit
908 3243 986 3313 quod
1037 3243 1307 3314 duloduexistentes,
1324 3245 1353 3299 id
1368 3250 1506 3317 ostsupra
1524 3262 1569 3300 res
1586 3249 1760 3313 saeculares,
1781 3263 1844 3318 quas

185 3356 240 3395 nos
253 3339 290 3392 ab
304 3335 428 3391 inimicis
438 3334 556 3406 eripuit,
571 3333 617 3387 hic
634 3336 732 3386 tamen
743 3331 868 3402 pretium
886 3330 988 3385 mortis
1038 3332 1301 3400 corrtemuimus,et
1311 3332 1413 3404 quibus
1423 3334 1522 3404 subjici
1534 3334 1702 3401 renuimus,
1713 3353 1780 3408 quse
1792 3335 1845 3406 qui-

183 3444 242 3482 sure
257 3427 386 3490 denotat,
400 3423 436 3477 ad
450 3420 703 3492 exaggerationem
715 3418 989 3490 ipsiusbenehcii,ut
1040 3421 1108 3475 dem
1124 3436 1169 3474 res
1184 3422 1213 3474 ct
1239 3421 1355 3492 negotia
1380 3422 1527 3476 saecularia
1546 3422 1729 3478 adamantes
1743 3441 1774 3478 ,ρ
1789 3423 1848 3476 sup,

185 3512 383 3572 uosinlaude
416 3510 468 3566 Dei
499 3509 694 3582 promptiores
709 3507 822 3574 reddat,
839 3523 904 3561 cum
921 3506 991 3561 dicit
1040 3508 1848 3580 mergunt,addamnatiouempertrahuntmorenumi.

185 3604 305 3659 redemit.
322 3600 391 3655 Dico
406 3597 485 3671 quod
507 3614 556 3651 uos
570 3596 679 3650 redemit
699 3597 746 3667 qui
761 3594 849 3650 etiam
865 3599 930 3667 post
944 3611 990 3648 re·
1041 3612 1124 3662 num,
1140 3596 1350 3668 quecadentes
1361 3595 1391 3650 in
1407 3613 1436 3651 se
1456 3597 1664 3669 submergunt,
1677 3603 1711 3654 et
1727 3600 1760 3653 in
1776 3614 1848 3653 mare

188 3691 388 3764 demptionem
400 3687 447 3740 dut
457 3685 569 3757 jugiter
583 3699 670 3739 escum
686 3682 846 3756 spiritalem
862 3683 991 3752 eorporis
1042 3684 1195 3751 deserunt3
1211 3683 1264 3738 illic
1279 3685 1401 3751 salimus,
1415 3683 1445 3738 id
1457 3687 1500 3738 est
1511 3684 1788 3742 illicconversando
1798 3703 1850 3740 cor·

188 3780 230 3836 sui
245 3781 321 3834 omui
334 3778 421 3842 cerui,
433 3771 812 3848 idestomuismodihomiui
828 3770 991 3825 tamtudaeo
1044 3789 1124 3844 pore,
1136 3772 1331 3842 scilicetjuxta
1343 3772 1393 3827 illa
1407 3771 1530 3827 tlumiua
1541 3773 1850 3846 Babylonis,licetnou

149 3917 153 3926 .
188 3864 394 3942 quemgentili,
407 3866 466 3918 tam
478 3860 566 3916 nobili
577 3875 664 3931 quam
674 3858 884 3930 ignobili,unde
895 3857 994 3912 anima
1043 3861 1079 3914 ab
1093 3859 1136 3913 his
1151 3860 1415 3931 submergeremur,
1431 3859 1557 3914 sedimus
1568 3865 1688 3930 tamen,
1707 3863 1741 3918 id
1756 3867 1798 3919 est
1810 3863 1851 3917 de·

189 3959 366 4013 incessanter
383 3952 521 4008 rellcitur.
535 3969 552 4003 ‹
567 3949 629 4003 Non
643 3948 724 4002 enim
741 3951 785 4002 est
800 3962 992 4018 personarum
1040 3948 1109 4019 jecti
1120 3947 1216 4001 tumus
1236 3952 1265 4002 ct
1280 3948 1396 4015 anxiati,
1420 3948 1530 4003 scilicet
1549 3965 1699 4020 magnam
1723 3951 1850 4007 delectio-

191 4044 318 4117 acceptio
343 4040 521 4113 apudDeum
533 4035 829 4107 (uetustissimus
846 4035 914 4090 dicit
923 4035 995 4087 ouini
1045 4053 1112 4090 neni
1129 4052 1189 4090 esse
1196 4037 1403 4107 reputavimus,
1413 4037 1496 4107 juxta
1505 4037 1553 4090 illa
1564 4036 1693 4094 [lumina
1707 4037 1853 4112 corporali

191 4135 277 4198 carui,
292 4130 371 4184 idom
385 4132 427 4182 est
441 4124 717 4195 uesiponeretomni
732 4123 855 4190 homini,
871 4126 995 4178 totuma
1045 4128 1089 4178 ter
1101 4124 1243 4192 lesbitere,
1259 4124 1334 4178 unde
1362 4125 1468 4197 quippe
1490 4125 1575 4179 nohis
1591 4129 1697 4198 plures
1721 4128 1853 4201 angustie

191 4224 273 4294 parte
291 4217 453 4288 designans.
469 4212 650 4285 Coralitemini,
667 4211 797 4283 inquam,
812 4211 869 4265 Deo
883 4209 939 4264 ceti
946 4229 952 4278 ;
963 4226 994 4265 ae
1044 4212 1213 4282 contingere
1224 4229 1231 4280 ;
1243 4219 1268 4265 et
1278 4212 1405 4266 sedendo
1417 4215 1537 4280 flerimus
1546 4212 1575 4266 id
1586 4218 1632 4268 est
1641 4232 1660 4269 a
1675 4217 1753 4272 fletu
1766 4230 1856 4288 corpe

191 4311 214 4365 si
228 4310 322 4366 dicat:
340 4305 411 4361 Cum
427 4301 758 4358 totmirabiliahumauo
770 4298 870 4369 generi
883 4297 993 4364 lecerit,
1005 4271 1031 4331 Ῐ)
1044 4301 1083 4356 ris
1098 4302 1241 4355 abstinere
1255 4301 1445 4373 nequivimus.
1463 4300 1609 4365 Quoniam
1623 4308 1734 4361 autem
1749 4305 1857 4379 possent

192 4397 356 4467 confitemini
371 4393 421 4451 illi.
436 4393 547 4446 Etcum
564 4389 652 4444 etiam
670 4388 745 4442 Deus
761 4387 865 4441 sitnon
882 4389 995 4440 tantum
1045 4393 1114 4445 llere
1129 4389 1313 4456 infructuose,
1332 4389 1404 4444 sicut
1420 4389 1459 4444 illi
1475 4391 1523 4462 qui
1543 4390 1628 4457 llent,
1645 4395 1696 4447 vel
1714 4394 1752 4449 de
1768 4408 1858 4448 rerum

192 4485 329 4550 hominis,
340 4483 390 4537 sed
405 4481 479 4548 coeli,
495 4479 523 4534 id
534 4480 577 4533 est
588 4477 742 4550 spirituum
757 4476 925 4542 caelestium,
942 4475 996 4529 hac
1046 4479 1210 4545 amissione,
1225 4480 1269 4531 vel
1285 4479 1341 4533 alia
1359 4477 1525 4548 hujusmodi
1539 4482 1702 4535 occasione
1727 4481 1859 4537 determi-

194 4573 343 4628 occasione
370 4570 533 4638 coufitnnini
554 4567 606 4623 dli.
628 4565 996 4637 ConfitemiuiquoqueDo·
1046 4567 1210 4622 nantunde
1238 4567 1389 4632 lleveruut,
1416 4566 1549 4620 addendo
1577 4567 1639 4621 sic:
1661 4569 1818 4636 Flevimus,
1835 4570 1861 4622 in

192 4665 266 4718 mino
279 4661 457 4725 dominorum,
468 4655 732 4712 idestconfitemini
745 4656 833 4709 otiam
847 4653 997 4725 ideo,quia
1046 4672 1145 4728 quam,
1161 4656 1224 4707 attam
1245 4654 1444 4708 recordaremur
1460 4657 1541 4717 tui,o
1559 4653 1629 4709 Siou
1652 4660 1798 4725 caelestis,
1815 4659 1861 4711 mi.

192 4753 335 4809 Dominus
345 4752 388 4803 est
399 4746 530 4802 omnium
548 4745 781 4812 dominorum,et
796 4744 859 4798 ideo
871 4745 996 4813 quoniam
1045 4746 1112 4799 lieet
1122 4745 1251 4799 tlevimus
1260 4761 1312 4816 pro
1323 4745 1522 4800 recordatione
1534 4745 1862 4813 llierusalemccelestis,

192 4846 221 4898 iu
237 4849 364 4897 aeteruum
391 4835 569 4891 aruericordie
589 4835 654 4904 ejus.
681 4833 738 4888 lloc
756 4833 819 4888 ideo
835 4832 951 4903 repetit,
966 4835 997 4885 ut
1047 4835 1127 4905 qu'us
1143 4833 1452 4905 civessumusraqua
1477 4832 1523 4886 hic
1545 4833 1575 4887 in
1593 4834 1767 4907 Babylonia
1782 4836 1863 4911 positi

192 4932 266 4987 sicut
282 4931 311 4986 in
323 4926 407 4984 laude
423 4923 550 4997 incoepit,
562 4923 602 4978 ita
615 4923 697 4977 finiat
711 4922 740 4975 in
758 4922 851 4976 laude.
1046 4922 1278 4994 peregrinamur.
1293 4922 1340 4977 Vel
1355 4925 1476 4991 (terimus
1491 4923 1720 4996 compatiendo,
1737 4945 1774 4984 ea
1789 4944 1863 4985 occa-

417 5016 451 5070 ΙΝ
467 5013 629 5069 PSALMUM
644 5011 773 5066 CXXXVl·
1046 5011 1137 5078 sione,
1154 5011 1221 5083 quia
1237 5012 1343 5066 multos
1358 5012 1442 5082 hujus
1460 5011 1627 5082 Babyloniae
1644 5015 1729 5070 cives
1745 5017 1863 5072 vidimus

225 5110 333 5165 Titulus
347 5104 496 5163 centesimi
510 5101 646 5158 tricesimi
660 5100 739 5154 sexti.
757 5099 882 5156 l'sutrmas
906 5100 996 5156 David
1046 5100 1132 5154 abhis
1142 5099 1309 5154 tlumiuibus
1322 5100 1478 5171 submergi.
1490 5099 1642 5167 Ftcciruus,
1656 5103 1862 5176 inquamum

185 5206 297 5271 propter
308 5196 464 5251 daramium.
481 5192 563 5256 Quod
571 5189 772 5260 sicexponitur
788 5206 794 5243 :
812 5188 995 5244 Psalmusiste
1045 5189 1100 5243 hoc
1116 5189 1278 5259 essetquod
1294 5188 1617 5259 sempcrrecorduremur
1634 5192 1695 5259 tui,
1714 5210 1732 5248 0
1746 5195 1862 5249 coelestis

190 5285 343 5349 estDueict,
360 5283 389 5338 id
405 5285 447 5336 est
462 5279 654 5350 lldelium,qui
670 5277 715 5332 hic
736 5281 837 5348 agunt,
851 5278 993 5349 composi·
1045 5278 1122 5342 Sion,
1137 5281 1165 5330 et
1175 5277 1357 5331 recordando
1365 5278 1473 5331 tuinon
1487 5293 1642 5347 possemus
1652 5281 1824 5356 submergi,
1835 5298 1861 5336 aa

188 5381 235 5431 tus
251 5380 361 5445 propter
375 5371 532 5435 deremiam,
548 5369 577 5422 id
597 5373 640 5421 est
651 5368 732 5438 juxta
754 5366 910 5421 toremiam
927 5383 994 5436 pro·
1046 5366 1067 5419 si
1084 5366 1178 5420 dicat:
1196 5365 1273 5419 hicet
1284 5383 1343 5420 non
1354 5367 1625 5438 submergerentur,
1643 5385 1682 5423 ex
1692 5373 1859 5426 salutamen

154 5452 158 5460 ’
189 5465 319 5536 phetam,
335 5459 441 5516 scilicet
461 5472 520 5511 non
537 5455 900 5526 discordansaprophetia
914 5455 991 5509 tero·
1045 5453 1245 5525 compassione
1258 5454 1489 5510 submersionem
1505 5455 1632 5511 aliorum
1649 5458 1805 5517 flevimus,
1818 5461 1858 5514 tel

189 5551 268 5615 urie,
286 5549 337 5604 sed
363 5546 516 5604 continens
539 5544 569 5601 in
589 5562 617 5599 se
632 5544 762 5621 mystice,
781 5543 847 5597 ticet
862 5543 1000 5619 brevitor,
1044 5547 1164 5618 (tecturus
1177 5544 1212 5599 dc
1226 5544 1424 5601 submersione
1432 5544 1646 5614 oliorum,dtrm
1661 5552 1860 5619 recordaremur
