3772 5976
90 310 158 374 ιεἰι
577 299 757 369 expostam
775 309 810 367 ιιι
829 308 998 368 estraes.
1014 341 1048 353 -
1063 311 1160 370 rsit.
1178 303 1275 369 uxxrv
1334 372 1336 374 ,
1677 318 1744 379 tots

88 435 155 490 Dice
167 431 313 504 quodmei
326 415 489 485 nar‘rabunt
503 428 566 484 aliis
577 428 722 485 mirabilia
732 435 779 485 tua
791 434 898 486 uteun—
906 436 933 494 Α
945 430 994 503 qui
1007 431 1053 488 hie
1068 448 1120 504 per
1140 431 1306 502 superbiam
1331 434 1480 500 exaltatur,
1505 445 1530 489 et
1553 437 1633 505 bunc,
1656 440 1685 495 id
1707 443 1749 495 εει

87 524 246 588 vertantur,
263 523 292 574 ει
307 534 422 574 ιιεεεεεε
440 521 492 573 εει.
509 518 581 572 Nam
603 525 673 572 terre
696 536 760 591 quae
780 520 817 573 ad
840 519 895 573 hoe
947 520 1035 575 alium
1046 521 1198 592 populum,
1213 519 1319 575 scilicet
1333 520 1476 590 fidelium,
1492 525 1540 594 qui
1555 525 1599 580 hie
1615 528 1750 582 beccen-

88 610 164 665 facta
174 610 238 676 fuit,
255 612 285 663 ιιι
302 608 394 663 solida
405 611 433 661 ει
447 607 532 661 firma
546 607 576 661 in
593 606 743 662 virtutibus
762 609 847 674 esset,
862 605 894 659 li·
936 607 1074 671 fitentur,
1087 609 1198 676 excultat,
1211 609 1239 663 id
1248 613 1291 662 est
1300 609 1747 683 beatitudincmlernaexaltabit,

88 698 212 770 quitario
224 703 271 764 est,
286 695 545 751 idestineenstans
555 697 584 750 ει
592 694 694 749 dilllua
707 695 783 749 lacta
797 697 849 761 est,
864 693 895 749 iu
944 696 993 767 qui
1004 697 1050 752 bie
1065 713 1118 769 per
1130 697 1330 753 tribulationes
1345 698 1553 768 humiliantur;
1567 703 1597 756 et
1607 704 1750 766 verealios

88 786 165 841 vitiis
178 791 207 841 et
221 786 250 841 in
264 784 436 839 infidelitate
452 800 513 839 sua.
527 783 572 838 Ad
586 781 895 854 similitudinemtiqui·
944 783 1117 851 humiliabit,
1134 788 1163 840 ει
1175 785 1246 841 alios
1272 786 1417 853 exaltabit,
1434 789 1496 858 quia
1510 790 1538 842 in
1554 806 1647 858 vesunu,
1664 790 1693 845 id
1708 794 1751 846 est

89 874 133 930 da
145 873 198 941 rei,
209 890 274 946 quie
289 872 391 928 diillua
408 876 461 928 εει.
478 873 518 927 Νε
533 889 601 928 vero
610 871 838 943 intelligeremus
849 870 895 925 hie
945 870 976 925 in
991 875 1146 943 potestate,
1162 873 1275 928 Domini
1291 874 1357 929 lesu
1374 876 1486 930 venturi
1500 876 1556 930 erit
1575 878 1646 932 relic
1656 878 1751 949 plenus

89 962 186 1034 agide
201 962 357 1028 terrebar,
374 977 462 1033 quam
480 960 616 1016 usualiter
628 964 738 1016 terram
762 959 894 1026 dicimus,
945 962 1033 1028 muto,
1046 960 1076 1015 id
1092 966 1136 1015 εει
1151 960 1271 1017 mistura
1284 961 1340 1017 vini
1355 963 1439 1031 meri,
1462 964 1539 1036 quod
1566 969 1609 1021 est
1631 966 1726 1022 dicere
1743 982 1750 1022 :

89 1049 259 1122 quaeutique
269 1048 426 1120 liquefacta
440 1050 563 1116 nonest,
576 1047 814 1103 determinatboc
828 1063 895 1103 eum
945 1049 975 1102 ln
989 1052 1133 1120 potestate
1149 1050 1266 1105 Domini
1278 1051 1333 1105 erit
1340 1051 1493 1122 judicium,
1512 1054 1682 1110 redundans
1696 1055 1749 1110 mi·

89 1138 187 1193 addit:
200 1137 237 1192 Et
255 1154 343 1193 cintus
362 1139 410 1209 qui
423 1137 546 1191 tutilant
566 1138 594 1191 in
609 1154 640 1190 eu
658 1140 747 1202 terra,
762 1135 839 1207 quod
855 1139 897 1192 est
947 1139 1025 1192 stura
1038 1138 1095 1192 vini
1111 1139 1195 1205 meri,
1212 1138 1241 1193 id
1254 1143 1295 1194 est
1315 1138 1345 1193 in
1365 1157 1421 1211 quo
1443 1142 1609 1197 continetur
1632 1144 1753 1198 mistura

89 1228 207 1282 dicere:
226 1225 340 1281 Scilicet
363 1242 452 1280 omnes
474 1224 608 1280 homines
630 1224 694 1279 dieo
715 1224 894 1296 liquefactos,
947 1242 1037 1297 requie
1053 1226 1308 1293 remunerationis,
1320 1245 1383 1299 quae
1393 1228 1491 1283 vinum
1509 1230 1621 1297 dicitur,
1629 1248 1663 1286 eu
1676 1230 1753 1302 qued

88 1318 137 1387 qui
150 1315 273 1369 lectitent
287 1316 316 1369 in
330 1332 360 1368 ee
374 1317 463 1380 terra,
471 1317 533 1369 lam
541 1314 665 1384 gentiles
674 1329 761 1385 quam
772 1312 894 1381 ludaeos
948 1313 1004 1368 alia
1018 1331 1085 1385 pars
1098 1315 1159 1384 ejus
1183 1314 1272 1370 duleis
1292 1316 1356 1382 erit,
1371 1321 1512 1387 quantum
1528 1318 1565 1372 ad
1579 1319 1681 1385 bunos,
1698 1319 1753 1374 alia

89 1403 140 1457 sed
152 1420 198 1473 eqo
209 1402 257 1474 qui
272 1403 419 1474 impotens
435 1402 535 1456 videor
544 1407 574 1458 et
583 1401 700 1457 humilis
713 1419 720 1456 ι
731 1400 899 1471 Confirmeui
947 1418 1013 1457 vero
1029 1418 1129 1456 amara
1141 1405 1326 1474 quantumad
1335 1405 1436 1460 malus.
1445 1406 1570 1477 Utraque
1580 1409 1678 1461 tamen
1687 1423 1753 1479 pars

89 1490 223 1546 columnus
238 1491 304 1561 ejus,
317 1491 345 1545 id
357 1493 399 1544 est
410 1489 553 1545 mittendo
562 1489 702 1562 Spiritum
718 1490 897 1560 paracletum
949 1506 1031 1544 mera
1045 1490 1109 1556 erit,
1124 1491 1153 1545 id
1170 1495 1212 1545 εει
1222 1493 1311 1560 justa,
1328 1497 1357 1547 et
1369 1494 1404 1548 ab
1416 1494 1498 1548 omni
1515 1494 1654 1565 injustitia
1670 1512 1752 1568 pura.
1806 1537 1816 1546 .

90 1579 120 1635 in
137 1580 193 1634 fide
215 1583 244 1634 et
264 1579 379 1646 virtute,
405 1581 434 1633 ει
460 1578 592 1633 doctrina
621 1577 833 1650 praedicatores,
849 1578 898 1649 qui
949 1577 1135 1633 Catirautem
1152 1563 1404 1650 288judieium
1422 1581 1751 1656 dieitur,e0quodineu

91 1672 177 1723 erunt
190 1669 333 1723 columne
346 1668 407 1738 ejus
424 1672 517 1735 terrm,
530 1667 559 1722 id
574 1670 616 1721 est
625 1683 677 1738 per
685 1666 897 1739 praedicationis
949 1666 1057 1721 mistim
1073 1671 1194 1739 utraque
1208 1671 1405 1725 remuneratio
1418 1672 1623 1740 continebitur,
1642 1673 1753 1728 sieutin

91 1756 254 1811 oilleiumet
264 1772 314 1827 per
324 1754 705 1828 erernplum,etduetrinam
715 1752 934 1821 suam,eruntB
948 1756 1034 1810 calice
1045 1758 1193 1828 poculum,
1206 1760 1234 1810 et
1249 1758 1303 1812 boe
1321 1761 1365 1813 est
1381 1775 1413 1813 ae
1425 1758 1446 1813 si
1461 1760 1552 1815 dieat:
1567 1761 1638 1815 Vere
1651 1767 1754 1831 puteus

90 1847 285 1901 sustentacula
296 1846 426 1900 Ecclesiae
437 1844 783 1912 deterreniseonstilutae‚
798 1860 897 1915 quem·
949 1845 1004 1899 erit
1018 1844 1054 1898 ad
1069 1844 1281 1899 humiliandum
1297 1845 1376 1900 etad
1391 1849 1586 1906 exaltandum.
1604 1850 1675 1905 Nam
1694 1850 1754 1921 ipse

90 1935 250 1990 admodum
262 1935 406 1990 columnae
420 1934 574 1990 domorum
585 1935 776 1989 sustentacula
784 1937 860 1988 suut.
947 1933 977 1988 in
987 1933 1411 2006 potestatejudiciumbabebit,
1421 1936 1449 1990 in
1458 1953 1515 2007 quo
1530 1937 1639 1993 mistim
1649 1939 1753 2010 duplex

127 2025 160 2078 Ει
175 2040 227 2094 ρει
241 2023 391 2078 columnas
407 2022 603 2089 confirmatas,
619 2022 678 2076 diu
692 2024 799 2094 iniquia
811 2021 840 2076 id
855 2024 899 2077 est
948 2022 1146 2077 remuneratio
1163 2022 1375 2091 continebitur3
1390 2027 1418 2079 el
1430 2025 1507 2080 bunc
1515 2026 1635 2081 calicem
1644 2028 1754 2083 inclinu-

91 2110 187 2167 dicam
208 2111 392 2166 infidelibus:
409 2111 501 2167 Nolite
515 2111 608 2183 inique
618 2126 707 2182 agere,
722 2110 751 2166 id
767 2113 808 2165 est
822 2110 896 2165 desi·
947 2113 996 2176 uit,
1012 2110 1042 2165 id
1061 2114 1104 2165 εει
1119 2110 1265 2178 extendet,
1282 2128 1313 2184 ea
1326 2112 1375 2166 loe
1397 2115 1496 2183 putato
1518 2116 1546 2167 in
1566 2116 1636 2169 lianc
1650 2119 1753 2187 potan-

89 2199 155 2254 stite
169 2215 186 2253 a
199 2216 287 2271 prava
296 2198 420 2266 actione,
431 2206 456 2253 et
468 2198 689 2270 delinquentibus,
710 2197 739 2252 id
755 2200 799 2252 est
811 2214 898 2270 prave
949 2199 1030 2255 dum.
1046 2200 1069 2253 Α
1087 2198 1277 2254 similitudine
1292 2200 1440 2272 pincernae
1457 2202 1505 2272 qui
1521 2220 1579 2259 uno
1595 2203 1754 2275 potat0,in-

91 2288 358 2360 agentibus,dieam
376 2287 491 2343 :Nolite
504 2288 725 2354 exaltarecornu,
745 2286 831 2341 idest
846 2303 897 2343 uo-
949 2288 1038 2343 clinal
1048 2287 1167 2342 calicem
1178 2287 1214 2342 ad
1231 2288 1330 2343 alium.
1342 2289 1375 2342 Et
1385 2306 1418 2343 er
1431 2291 1480 2345 Ιιοε
1496 2292 1524 2345 in
1539 2293 1597 2357 lior,
1612 2292 1755 2348 neutrali-

93 2376 143 2430 lite
164 2376 319 2431 sublimare
346 2375 512 2450 superbiam
533 2378 670 2443 vestram,
693 2374 847 2446 gloriando
863 2373 899 2428 de
950 2379 994 2431 ter
1009 2375 1134 2447 positum
1142 2380 1194 2444 εει,
1204 2392 1237 2430 ac
1253 2376 1276 2430 si
1290 2376 1366 2431 dieat
1379 2377 1445 2432 :Vix
1460 2379 1515 2434 hoc
1527 2384 1626 2453 petalo
1643 2381 1754 2435 inclinu-

89 2482 179 2538 prava
188 2465 472 2521 actione.Curneni1n
482 2463 634 2519 malumsit
643 2480 729 2535 prave
741 2480 839 2535 agere,
848 2478 898 2534 pe·
951 2464 1034 2532 bit,id
1043 2466 1086 2519 εει
1096 2468 1266 2537 promptum
1276 2465 1362 2520 lactet
1369 2466 1512 2535 judicium
1520 2485 1615 2534 suum,
1624 2468 1654 2523 in
1665 2469 1755 2525 alium

87 2553 136 2625 jus
150 2556 194 2607 est
208 2570 298 2609 eernu
314 2554 451 2621 exaltare,
465 2552 494 2607 id
510 2555 553 2607 est
567 2553 701 2623 deprava
714 2552 898 2624 aetioneglo-
950 2553 1122 2625 potandum,
1139 2553 1217 2625 quod
1244 2557 1287 2608 est
1313 2554 1408 2610 dicere
1426 2572 1432 2609 :
1451 2557 1608 2629 Postquam
1622 2573 1688 2612 suos
1700 2559 1755 2614 sal·

90 2639 900 2714 riando,superbiamaugereetsublimare.Superbiani-
950 2641 1044 2696 vando
1070 2642 1309 2710 remuneraverit,
1332 2645 1424 2699 malos
1439 2644 1606 2700 damnando
1617 2645 1694 2717 juste
1708 2662 1754 2702 re·
1802 2644 1811 2657 ‘

91 2730 199 2786 mirum
208 2747 260 2802 per
270 2746 359 2786 cornu
371 2729 518 2800 accipitur,
532 2729 611 2800 quod
621 2729 651 2784 in
667 2730 757 2784 altum
767 2729 860 2784 tendit
872 2731 901 2785 ει
952 2747 1106 2785 munerare
1119 2730 1260 2786 intendet.

93 2818 220 2889 rigidum
231 2822 284 2886 est,
296 2836 330 2874 ee
340 2819 418 2890 quod
428 2819 490 2889 ipsa
502 2835 551 2873 eor
562 2817 643 2886 illud,
657 2818 702 2872 cui
718 2817 802 2885 inest,
813 2816 901 2872 nimis
987 2817 1134 2882 Quisvero
1148 2822 1302 2890 utramque
1313 2821 1582 2877 remunerationem
1591 2820 1690 2877 vinum
1697 2838 1757 2878 me-

92 2909 183 2963 allum
193 2912 221 2962 et
231 2907 440 2979 rigidumlaeit.
450 2906 530 2962 Unde
541 2906 641 2977 regina
650 2906 784 2962 vitiorum
798 2906 901 2962 dicitur
950 2923 1016 2961 rum
1032 2910 1192 2974 vocaverat,
1205 2925 1241 2962 ne
1256 2908 1295 2962 sie
1310 2925 1345 2963 ex
1360 2912 1422 2964 toto
1437 2926 1518 2965 mera
1533 2909 1754 2982 intelligeretur,
1830 2925 1832 2928 ⁴

94 2985 214 3065 esse'3et
225 2997 315 3051 uellite
329 2996 449 3050 extollere
462 3013 544 3050 cornu
557 3001 682 3062 vestrum,
703 2994 732 3049 id
752 2998 794 3050 εει
813 2994 900 3052 subti·
950 2997 982 3048 ut
991 2994 1019 3048 iu
1032 2996 1112 3050 nulla
1120 2999 1202 3065 parte
1214 3012 1316 3051 amara
1328 2996 1558 3067 videretur,eam
1574 3003 1718 3054 austeram
1728 3001 1757 3053 ει

97 3084 198 3141 mitate
211 3085 376 3158 superbiam
391 3088 513 3139 vestram
529 3084 559 3138 in
577 3085 681 3146 altum,
695 3084 725 3139 id
737 3087 780 3140 est
799 3062 936 3141 contraG
952 3098 1087 3153 asperam
1100 3100 1161 3137 esse
1171 3083 1461 3156 ostendit,quantum
1468 3086 1504 3141 ad
1512 3085 1755 3150 damnandossie:

94 3172 581 3245 Deumattissimum.Exponitvero
594 3173 719 3246 qualiter
735 3190 793 3229 non
810 3175 900 3231 extol·
951 3170 1020 3226 Dico
1035 3173 1177 3227 vrnirnere'.
1187 3171 1395 3228 Verumtamen
1410 3173 1476 3228 lieet
1487 3190 1568 3229 mera
1582 3174 1618 3230 sit
1632 3173 1757 3230 retribu-

94 3264 157 3318 lant
170 3265 271 3318 contra
281 3265 372 3318 Deum
395 3279 498 3330 cornu,
517 3280 583 3318 cum
604 3262 694 3330 addit,
710 3263 808 3317 scilicet
820 3263 901 3319 nolite
952 3258 1003 3326 tio,
1011 3260 1066 3330 sec
1080 3259 1239 3330 ejuscalicis
1249 3277 1302 3317 non
1316 3267 1353 3315 est
1365 3263 1512 3329 smarrito,
1524 3262 1554 3317 id
1569 3266 1611 3317 est
1626 3262 1756 3334 quamvis

94 3352 339 3423 loquiiniquitutem
349 3351 476 3408 aduersus
482 3351 581 3419 Deum,
591 3351 820 3424 blasphemando
832 3368 900 3407 eum
951 3347 1000 3402 illa
1014 3348 1169 3405 retributio
1184 3365 1275 3417 mera,
1289 3350 1335 3416 sit,
1352 3353 1450 3404 tamen
1460 3350 1514 3405 laea
1521 3353 1562 3405 est
1572 3351 1758 3423 quantumad

93 3441 291 3513 aliquomodo.
305 3441 353 3496 Ille
366 3441 472 3514 quippe
487 3458 538 3496 cor
550 3441 637 3497 nimis
651 3443 679 3494 in
695 3441 780 3495 olium
791 3441 901 3497 extollit
951 3436 1057 3508 impios
1069 3441 1194 3507 austera,
1205 3439 1350 3495 seilicetet
1359 3440 1473 3495 turbida
1487 3440 1654 3496 admodum
1668 3439 1755 3495 laeeis:

93 3531 141 3603 qui
158 3530 188 3584 in
203 3531 295 3585 Deum
312 3530 524 3602 blasphemiam
540 3530 610 3602 agit.
619 3530 667 3584 Vel
684 3529 846 3585 siezNolile
858 3547 902 3584 er·
951 3528 980 3579 et
994 3526 1057 3580 talis
1075 3526 1141 3593 laer,
1155 3543 1218 3598 quae
1234 3528 1467 3598 nunquamerit
1488 3528 1647 3597 exinanita,
1664 3528 1694 3582 id
1715 3531 1758 3583 εει

92 3618 228 3684 tolierein,
241 3617 329 3686 idest,
343 3621 445 3674 eontra
456 3620 547 3674 altum
557 3619 651 3673 Deum
668 3635 714 3673 eor
728 3625 854 3686 uestrum,
870 3617 900 3674 id
951 3629 1014 3685 quoe
1030 3630 1181 3686 uunquam
1195 3615 1391 3683 evacuabitur,
1407 3617 1458 3670 sed
1473 3619 1582 3671 veterna
1596 3617 1659 3671 erit.
1677 3617 1710 3671 Ει
1724 3633 1758 3672 ex

93 3710 136 3762 est
148 3706 313 3779 superbiam
335 3710 470 3773 vestram,
486 3707 522 3761 de
539 3723 573 3762 eu
588 3707 664 3761 male
684 3706 849 3778 cogitando.
866 3707 901 3761 Et
950 3717 985 3755 ea
997 3701 1066 3756 fasee
1076 3702 1162 3756 litent
1175 3719 1264 3757 ornnes
1273 3710 1423 3773 peccatores
1433 3710 1508 3758 terra
1522 3705 1570 3776 qui
1588 3708 1665 3760 terra
1680 3707 1757 3773 sunt,

93 3795 174 3850 nolite
187 3795 259 3867 toqui
280 3812 330 3850 ore
349 3795 490 3850 aduersum
511 3795 600 3850 Deum
619 3797 800 3867 ini'quitutem,
813 3794 900 3850 idest
953 3787 982 3844 id
998 3794 1041 3844 est
1055 3791 1240 3846 solummodo
1255 3791 1377 3846 terrenis
1391 3791 1625 3847 inhiantes.Nam
1637 3792 1660 3846 si
1673 3793 1757 3849 abso-

93 3883 316 3955 blasphemiam,
332 3884 387 3939 hee
403 3901 462 3939 nun
479 3886 618 3938 mutatur.
638 3883 703 3938 [lieo
722 3901 728 3938 :
745 3883 837 3938 Nolite
847 3885 898 3937 ini·
950 3877 1010 3932 lule
1025 3895 1126 3934 omues
1140 3883 1306 3949 peccatores
1318 3882 1450 3951 penerel,
1466 3882 1534 3934 tune
1549 3896 1651 3935 omnes
1666 3881 1759 3936 bonos

91 3989 143 4042 que
157 3989 244 4042 opere,
261 3975 290 4026 el
303 3972 382 4029 nolite
392 3972 466 4044 liqui
476 3972 600 4027 aduersus
612 3971 711 4038 Deum,
728 3975 754 4026 et
770 3973 824 4027 hoe
835 3972 899 4029 ideo
950 3965 1020 4021 laeee
1041 3967 1184 4038 potandos
1206 3984 1267 4022 esse
1286 3967 1461 4040 perhiberet.
1475 3968 1573 4023 Nullus
1588 3968 1667 4023 enim
1683 3969 1757 4026 adeo

93 4059 173 4114 vobis
199 4061 241 4113 est
266 4059 489 4127 observandum,
506 4060 574 4132 quia
588 4060 674 4130 judee
693 4063 833 4115 venturus
846 4064 899 4130 est,
948 4054 1053 4125 justus,
1068 4055 1115 4126 qui
1132 4057 1236 4111 saltem
1251 4056 1403 4112 venialiter
1411 4075 1470 4112 nen
1478 4059 1586 4130 peccet.
1594 4057 1643 4111 Vel
1655 4074 1758 4113 omnes

94 4146 201 4202 scilicet
213 4147 404 4219 Christus,qui
413 4147 555 4218 judicabit
571 4146 698 4202 districte
714 4152 834 4221 agentes
844 4149 899 4203 ini·
952 4146 1120 4215 peeeatores
1135 4144 1270 4212 terrae,id
1285 4147 1328 4201 est
1343 4145 1392 4217 qui
1406 4145 1512 4217 ubique
1527 4149 1756 4215 terrarumsuat,

95 4251 161 4306 que.
951 4236 1012 4288 tam
1027 4233 1151 4304 gentiles
1166 4250 1254 4308 quam
1267 4233 1367 4302 ludaei,
1379 4239 1531 4306 peccantes
1539 4235 1646 4290 scilieet
1659 4234 1757 4289 erimi-

129 4323 217 4378 Juiteu
231 4324 295 4380 dice
310 4341 392 4397 neque
415 4325 448 4379 ab
470 4327 578 4392 orr'eute,
597 4342 680 4398 neque
702 4326 735 4380 ab
757 4325 899 4395 occidente,
951 4323 1064 4377 naliter.
1082 4323 1140 4378 Hoc
1151 4326 1249 4379 autem
1261 4325 1354 4377 totum
1366 4322 1445 4390 dicit,
1463 4325 1595 4379 utmalos
1609 4327 1757 4380 exterren-

92 4429 206 4484 nequeu
224 4413 331 4468 desertis
346 4413 488 4481 urentibus,
502 4413 610 4469 seilicet
625 4431 720 4486 neque
737 4415 773 4470 ab
790 4419 898 4484 austro,
951 4410 1154 4482 du,apeecalis
1162 4427 1211 4466 eos
1219 4412 1359 4467 retrabat.
1370 4413 1525 4484 Postquam
1534 4416 1632 4468 autem
1643 4430 1709 4469 suos
1716 4414 1756 4469 lo-

93 4500 141 4556 ubi
157 4504 224 4556 sunt
237 4506 352 4557 mentes
367 4517 419 4573 pro
434 4502 604 4557 ninriuoestu
619 4503 738 4558 calentis
753 4520 833 4559 zonoe
849 4504 900 4560 de·
951 4503 1072 4570 quenles
1080 4498 1248 4566 introduxit,
1261 4499 1296 4555 ab
1307 4516 1340 4555 εο
1350 4500 1412 4554 loeo
1428 4499 1476 4554 ubi
1491 4501 1618 4572 positum
1632 4506 1675 4557 est
1690 4502 1760 4557 Dur·

94 4589 173 4658 serti,
189 4607 283 4662 neque
296 4590 721 4663 aseptentrione,quam0ntes
728 4607 781 4662 pro
793 4590 901 4663 frigida
950 4589 1161 4660 impulsusque
1182 4587 1218 4642 ad
1240 4605 1287 4658 epo
1299 4590 1439 4659 sumdpse
1455 4589 1543 4644 etiam
1554 4589 1584 4646 in
1594 4608 1644 4646 sua
1656 4606 1755 4664 perso·

94 4694 167 4733 zona
183 4677 289 4733 deserti
305 4680 382 4741 sunt,
394 4695 426 4734 ac
442 4678 464 4733 ει
479 4678 556 4733 dieat
569 4695 576 4733 ι
587 4678 744 4734 Timendus
756 4683 800 4734 est
809 4680 900 4752 judex
950 4692 988 4730 na
998 4692 1096 4747 agens,
1107 4675 1233 4731 ostendit
1248 4676 1309 4731 aliis
1325 4677 1418 4732 verbis
1428 4694 1547 4733 suorum
1559 4679 1590 4733 in
1606 4679 1683 4736 bono
1694 4695 1758 4751 per·

91 4765 151 4834 ille,
161 4767 241 4838 eujus
257 4766 441 4839 praesentiam
457 4783 545 4823 nemo
556 4767 664 4840 poterit
680 4766 818 4839 effugere.
836 4769 899 4824 Non
950 4763 1330 4829 severantiam‚etinluturo
1344 4768 1493 4831 eorum,et
1505 4766 1593 4821 etiam
1609 4767 1757 4821 malorum

92 4853 171 4908 enim
186 4853 284 4910 localis
298 4856 341 4908 est
353 4857 490 4910 venturus
509 4855 545 4908 ab
569 4854 692 4926 oriente,
708 4856 751 4910 vel
772 4856 808 4911 ab
827 4856 900 4912 oeei-
949 4850 1184 4918 retributionem,
1198 4850 1270 4906 sieut
1285 4851 1315 4907 in
1331 4869 1456 4926 persona
1471 4869 1590 4909 suorum
1602 4856 1754 4927 utramque

91 4941 189 5010 dente,
198 4944 241 4998 vel
253 4944 290 4999 ab
301 4947 409 5011 austra,
418 4945 462 4999 vel
475 4961 493 4999 a
506 4944 715 5016 septentrione,
728 4946 779 5001 sed
792 4946 899 5019 ubique
950 4939 1219 4996 remunerationem
1232 4941 1409 5008 ostenderat,
1423 4945 1452 4997 et
1465 4941 1498 4995 id
1511 4941 1548 4996 ad
1558 4942 1612 4997 boe
1626 4941 1706 5010 lacit,
1723 4944 1759 4998 ιιι

91 5032 145 5099 εει,
157 5032 186 5085 ει
195 5047 260 5086 vere
284 5046 343 5087 non
359 5033 402 5086 εει
424 5031 523 5087 localis
537 5031 573 5085 ab
587 5032 684 5103 aliqua
697 5033 801 5088 mundi
812 5034 900 5107 plaga
950 5034 1103 5101 utramque
1119 5029 1387 5084 remunerationem
1397 5029 1577 5084 ostendendo
1587 5045 1753 5103 perversam

91 5120 237 5174 venturus.
257 5118 330 5174 Deus
350 5119 428 5174 enim
440 5120 523 5190 juder
537 5119 584 5174 ille
597 5125 643 5174 est.
656 5120 690 5174 Et
704 5121 772 5176 inde
787 5122 900 5178 constat
948 5119 1055 5191 Amph,
1072 5120 1174 5174 eontra
1196 5134 1284 5189 quam
1299 5117 1346 5171 bie
1368 5117 1438 5188 agit,
1455 5117 1548 5188 magis
1564 5117 1714 5189 magisque
1735 5135 1753 5174 a

90 5206 213 5262 localem
220 5224 353 5263 eumuon
362 5206 601 5275 esse,seeundum
616 5207 744 5263 divinam
752 5213 897 5277 naturam,
949 5206 1062 5262 malitia
1077 5209 1200 5271 revocet,
1217 5208 1246 5260 ει
1261 5204 1315 5260 hoe
1329 5204 1367 5259 sie
1382 5203 1465 5260 dicit:
1482 5204 1549 5260 Dico
1560 5206 1637 5277 quod
1647 5205 1753 5277 desiere

85 5310 157 5359 ,eum
173 5297 272 5351 tamen
288 5296 448 5352 seeundum
461 5295 898 5365 liumanamsitluealis30tinde
950 5296 1037 5351 bibent
1043 5303 1202 5367 peccatores.
1218 5293 1278 5364 Ego
1290 5301 1380 5348 cutem
1393 5293 1558 5349 annuntiabo
1572 5296 1601 5349 in
1616 5295 1754 5364 seculum,

90 5384 233 5440 constabit
248 5401 315 5440 eum
335 5401 395 5440 esse
406 5384 548 5457 judicem,
565 5385 614 5457 qui
630 5387 704 5440 Deus
728 5389 780 5454 est,
795 5386 845 5458 qui
860 5385 898 5442 ad
948 5383 978 5440 id
990 5389 1032 5441 est
1047 5385 1097 5441 sed
1112 5382 1248 5439 meisieee
1260 5400 1319 5439 non
1336 5383 1466 5455 potandi,
1477 5383 1702 5452 annuntiabunt,
1723 5381 1754 5440 id

90 5472 146 5532 hec
160 5475 333 5547 potensest,
349 5473 427 5547 qued
439 5475 511 5531 tuuc
521 5472 659 5542 humiliot,
667 5472 697 5529 id
706 5475 899 5552 estpopulum
948 5475 991 5531 est
1001 5471 1314 5530 narrabuntnrirabilia
1326 5471 1457 5542 tuaatiis,
1474 5471 1752 5546 degenerationem

91 5560 192 5638 inique
207 5561 358 5640 agentium
370 5561 536 5622 humiliabit
544 5560 735 5623 damnatione
745 5566 898 5640 perpetuu,
947 5560 1758 5639 generationemasqusinsecuumfutuamsumutu
