3772 5976
144 310 193 385 u,
450 314 481 385 s.
502 320 675 384 annueris
695 317 1010 382 ernanusnuonuu
1029 319 1262 379 insanuroms
1283 318 1361 379 orn.
1383 317 1502 378 rausi
1752 305 1806 378 sot

144 447 205 510 lum
219 457 405 527 exspectasse,
419 453 467 507 sed
481 456 509 506 et
519 453 573 506 boe
585 467 690 516 orasse,
707 454 734 504 et
749 449 777 503 in
793 450 846 504 boc
863 464 946 501 exau·
961 448 989 508 A
1007 447 1111 502 timore
1122 451 1209 515 casto,
1224 447 1252 503 id
1268 447 1438 520 estdiligent
1452 453 1476 502 et
1486 445 1615 502 timendo
1627 446 1806 518 sperabuntur

145 544 237 599 ditum
254 541 560 611 luisse,subjungeudo
579 556 693 593 eausam
715 557 771 609 iqua
790 537 893 607 dignus
916 534 951 589 sit
1001 534 1115 590 Domino
1131 537 1409 591 remunerationem.
1422 536 1455 590 Et
1464 536 1531 608 quia
1542 536 1685 590 timebunt
1698 539 1726 589 et
1739 552 1803 607 spe·

143 631 287 697 exaudiri,
300 631 478 684 demonstrat
492 644 605 700 quoque
622 644 650 681 se
668 628 773 680 multos
791 624 951 679 imitatores
1000 625 1116 689 nabunt,
1134 626 1223 679 leutos
1238 627 1281 679 eir·
1295 625 1350 678 crit
1364 625 1394 678 in
1410 625 1519 703 sutoro,
1536 625 1612 694 cujus
1624 624 1677 679 riri
1693 624 1806 677 Domini

141 719 308 775 habiturum
322 716 351 770 in
367 716 578 787 exspectatione
592 719 638 768 :ut
650 714 738 768 etiam
757 713 838 767 nobis
849 711 950 765 innuat
1000 730 1093 766 nolimu
1104 722 1141 767 est
1153 732 1207 784 spes
1221 715 1287 782 ejus,
1303 713 1333 767 id
1348 717 1392 767 est
1411 714 1459 785 qui
1471 729 1552 784 spem
1569 715 1667 767 salutis
1678 711 1761 783 ponit
1772 712 1803 766 in

142 806 256 882 quodsi
272 803 537 876 exspectaverimus,
554 804 659 857 multos
671 803 699 856 in
711 803 765 855 hoe
789 800 949 855 imitatores
1000 802 1120 855 nomine
1136 800 1261 864 Domini,
1277 802 1355 873 quod
1373 801 1465 873 diligit
1481 806 1509 855 et
1525 801 1703 871 magnificat.
1720 799 1803 864 Quod

140 894 322 950 habebimus.
334 893 442 946 ludicat
451 892 566 961 insuper
579 907 634 962 quo
647 890 747 945 ordine
758 889 804 943 alii
815 889 875 958 ejus
888 887 949 941 imi·
998 893 1096 943 autem
1108 890 1188 960 ponit
1197 889 1381 962 singulariter
1392 893 1441 955 uir,
1458 906 1523 944 eum
1538 889 1688 961 pluraliter
1697 888 1806 961 posuis-

142 986 251 1037 tatores
268 981 440 1046 efficientur,
466 996 517 1052 per
538 982 663 1033 mortem
681 978 788 1032 scilieet
807 993 899 1038 suain,
920 977 949 1028 et
997 982 1041 1032 set
1055 979 1199 1033 timebunt
1213 984 1242 1034 et
1256 979 1425 1050 sperabunt,
1437 979 1502 1032 ideo
1518 978 1586 1032 iacit
1600 981 1631 1032 ut
1650 994 1699 1033 eos
1713 992 1803 1031 unum

141 1087 258 1126 suorum
278 1067 523 1140 pradicationem.
549 1066 615 1120 Orat
638 1070 737 1139 postea
753 1066 788 1119 de
809 1079 948 1118 resurrec·
997 1067 1066 1138 quid
1082 1067 1183 1121 esseio
1200 1072 1294 1140 spect
1310 1067 1413 1121 timore
1430 1067 1572 1121 ostendat.

141 1158 231 1224 tione,
250 1156 403 1211 ostendens
419 1156 455 1209 ad
468 1154 536 1227 quid
550 1154 710 1208 necessaria
730 1170 780 1207 sua
800 1153 834 1206 sit
854 1167 946 1204 resur·
1033 1155 1176 1218 Quoniam
1186 1155 1345 1210 automhoo
1361 1171 1418 1209 non
1433 1155 1587 1219 sufficeret,
1602 1153 1682 1208 addit
1693 1170 1700 1208 ς
1711 1152 1748 1206 Et
1755 1152 1803 1207 itte

140 1247 239 1302 rectio.
258 1244 327 1298 Orat
337 1243 424 1297 otiam
443 1259 494 1314 pro
515 1242 638 1296 inimicis
654 1245 681 1295 et
697 1258 749 1312 pro
761 1239 910 1294 membris.
997 1243 1098 1297 beatus
1110 1244 1152 1297 vir
1167 1261 1217 1297 oon
1232 1246 1354 1314 respexit,
1370 1244 1399 1297 id
1415 1247 1528 1298 estnon
1545 1247 1623 1297 retro
1638 1242 1803 1313 aspicietur

175 1333 337 1404 Erspeetous
347 1332 493 1401 exspectaui
507 1328 662 1383 Dominum,
678 1329 749 1382 Cum
763 1327 831 1381 dicit
849 1342 946 1396 exspe-
997 1334 1204 1386 eouitotesetin
1231 1334 1358 1397 insanius,
1387 1331 1570 1386 declinando.
1590 1355 1603 1379 α
1616 1331 1706 1385 Nemo
1723 1329 1803 1384 onim

140 1428 231 1486 ctans,
251 1419 491 1491 perseverantiam
509 1417 601 1471 innuit
616 1415 843 1486 exspectationis,
868 1412 946 1486 <quasi
998 1420 1115 1473 mittens
1130 1437 1249 1474 manum
1264 1437 1344 1473 suam
1362 1420 1397 1474 ad
1412 1423 1551 1485 aratrum,
1569 1416 1747 1490 etaspieiens
1761 1433 1805 1472 re·

141 1511 233 1566 dieat:
246 1510 305 1562 Nou
315 1505 448 1570 fastidivi,
467 1505 777 1569 nonmurmuravi,sed
789 1501 946 1576 exspectavi
998 1511 1133 1573 trorsnm,
1151 1510 1232 1576 aptus
1248 1511 1290 1560 est
1307 1523 1397 1577 regno
1411 1507 1462 1561 Dei
1477 1506 1552 1576 (Luc.
1566 1524 1602 1572 ix,
1615 1510 1672 1573 62).
1688 1528 1701 1554 »
1717 1505 1802 1559 Vani-

140 1595 418 1652 remunerationem.
436 1595 617 1664 Exspectaus,
630 1593 658 1646 id
675 1596 717 1646 est
731 1609 789 1646 nou
801 1592 945 1660 deficiens,
999 1598 1071 1648 tates
1087 1595 1155 1648 dicit
1170 1590 1314 1666 appetitus
1329 1598 1524 1658 terrenorum,
1552 1611 1614 1665 qoae
1630 1610 1704 1647 vana
1725 1595 1801 1646 sunt.

140 1687 191 1741 sed
202 1699 387 1757 perseverans
399 1682 426 1736 in
441 1680 652 1751 exspectatione
666 1688 705 1734 :rt
720 1681 787 1752 quia
804 1687 946 1752 exspecta·
997 1684 1125 1736 lnsauias
1141 1687 1237 1736 autem
1252 1683 1336 1751 salsos
1352 1683 1420 1736 dicit
1434 1681 1494 1752 ipsa
1505 1683 1592 1749 liena,
1608 1681 1745 1753 quoniam
1753 1681 1804 1735 ho-

138 1773 175 1840 vi,
197 1776 225 1828 et
246 1772 337 1826 adbuc
362 1770 541 1840 exspectabo,
561 1770 675 1823 intendit
697 1770 773 1835 milri,
793 1769 821 1823 id
844 1775 886 1823 est
907 1771 949 1824 in·
962 1758 987 1815 Β
998 1772 1093 1825 mines
1107 1772 1233 1825 insanire
1243 1770 1360 1836 iaciunt,
1373 1771 1441 1824 dum
1454 1786 1502 1823 eos
1513 1771 1600 1840 alege
1612 1769 1661 1824 llei
1675 1769 1799 1823 deviant.

137 1860 219 1916 tense
232 1861 301 1914 mibi
317 1859 396 1913 dabit
409 1858 486 1928 quod
505 1857 675 1928 exspectavi,
691 1858 888 1912 resuscitando
902 1876 947 1913 me
998 1860 1078 1913 Falsa
1097 1875 1164 1912 vero
1178 1859 1255 1930 quod
1278 1859 1339 1929 ipsa
1366 1858 1568 1931 appetentibus
1591 1857 1800 1912 beatitudinem

138 1954 167 2006 et
177 1948 375 2022 glorificande.
399 1947 455 2000 lloe
477 1949 573 2000 autem
600 1963 665 1999 eom
689 1946 948 2002 luturumossetex
998 1948 1194 2021 promittendo
1221 1947 1397 2014 ialluut;vel
1413 1947 1532 2001 insanior,
1554 1947 1643 2013 falsie,
1657 1947 1800 2000 idolorum

139 2035 415 2100 certitudinenimia,
433 2034 512 2105 quasi
526 2035 703 2105 protentum
714 2036 818 2105 posuit.
832 2036 891 2089 Non
903 2054 947 2089 so·
998 2038 1089 2091 cultus
1105 2036 1250 2089 dicuntur.
1263 2035 1336 2098 Quid
1352 2035 1431 2089 enim
1448 2035 1672 2105 sallaeiusquam
1689 2038 1799 2087 creatu-

138 2127 199 2180 lum
215 2128 312 2178 autem
325 2122 493 2193 exspectavi,
512 2121 620 2192 sedpro
630 2123 683 2175 hoc
696 2123 774 2193 quod
790 2125 948 2193 exspectavi
998 2140 1060 2178 ram
1073 2123 1167 2177 dicere
1179 2127 1349 2189 creatorem,
1365 2128 1482 2193 autqurr
1494 2121 1704 2192 majorinsauia
1715 2134 1800 2192 quam

140 2212 216 2267 oravi
230 2213 301 2266 :hoc
331 2213 411 2264 extra
429 2209 535 2264 librum
559 2226 623 2262 cum
644 2209 688 2275 sit,
711 2227 743 2263 cx
765 2212 948 2281 sequentibus
999 2213 1105 2266 cultum
1123 2213 1180 2265 [leo
1194 2211 1322 2264 debitum
1338 2214 1459 2264 craturae
1484 2210 1653 2281 impendere
1668 2209 1682 2263 ‘l
1695 2209 1743 2263 Vel
1760 2208 1801 2262 iu·

139 2298 312 2354 habeturBt
335 2297 402 2368 quia
423 2297 510 2362 oravi,
540 2296 676 2349 eroudiuit
699 2315 789 2368 preces
810 2316 890 2365 ruens,
920 2303 949 2354 et
998 2300 1086 2353 sanias
1102 2300 1179 2353 salsae
1196 2300 1262 2353 vitia
1278 2299 1421 2366 dicuntur,
1439 2316 1472 2353 eo
1491 2299 1567 2370 quod
1583 2298 1802 2352 hominesalleo

139 2389 194 2443 hoc
208 2386 418 2456 aecipiendium
433 2389 476 2438 est
491 2384 596 2449 future,
614 2384 692 2454 qnasi
709 2385 946 2452 dirercl20rabo,
998 2389 1171 2441 retrahendo
1189 2387 1314 2441 insanire
1331 2388 1449 2452 iaciunt,
1467 2391 1495 2441 ct
1519 2403 1582 2441 cum
1602 2385 1802 2440 desiderabilia

140 2473 947 2545 ctexaudietmc‚etutdignusessemexauditione,prius
998 2476 1119 2530 dixerim
1142 2493 1212 2542 esse,
1231 2493 1288 2530 non
1307 2480 1448 2547 quantum
1462 2475 1502 2529 ad'
1521 2475 1562 2529 sui
1581 2478 1725 2539 naturam,
1754 2471 1804 2526 sed

140 2564 231 2618 eduxit
247 2563 328 2616 mede
350 2563 409 2616 locu
425 2563 547 2619 irrisorio.
574 2561 602 2614 id
629 2563 671 2614 est
691 2561 725 2615 de
750 2562 946 2632 profunditate
996 2564 1146 2617 videantur
1160 2581 1230 2630 csse,
1251 2565 1363 2618 fallunt.
1386 2564 1454 2618 Ilico
1468 2563 1545 2634 quod
1560 2579 1618 2616 uon
1631 2561 1762 2632 respiciet
1775 2560 1803 2613 in

139 2652 286 2718 vitiorum,
304 2650 425 2720 inquem
439 2648 485 2702 alii
497 2648 594 2702 miseri
612 2649 947 2717 dcsecrrdunt,nondixit
996 2652 1145 2717 vanitates,
1165 2652 1193 2705 id
1224 2656 1265 2706 est
1281 2652 1309 2704 in
1324 2654 1449 2705 terrena.
1479 2651 1512 2703 Et
1533 2649 1803 2720 quamviseavana

141 2738 247 2804 eduxit,
257 2737 370 2809 quodin
387 2753 421 2791 eo
429 2736 441 2788 l
443 2736 667 2807 uissentiuiqua,
675 2737 945 2809 sebquiaquuntum
996 2741 1180 2811 quantomad
1191 2740 1343 2794 hominum
1355 2739 1578 2809 reputationem,
1594 2738 1641 2809 qui
1656 2737 1755 2791 dicunt
1770 2752 1802 2790 ea

141 2828 178 2883 ad
193 2827 370 2882 debilitatem
387 2825 582 2891 humanitatis,
606 2826 659 2879 nisi
679 2827 772 2896 gralia
792 2827 946 2882 divinitatis
997 2845 1110 2882 summa
1126 2829 1203 2882 bona
1220 2844 1290 2893 esse,
1306 2844 1371 2880 curn
1386 2843 1444 2881 non
1460 2826 1527 2881 siut.
1550 2826 1670 2890 Tamen,
1689 2841 1724 2879 ne
1741 2824 1802 2895 ipsa

141 2913 945 2988 obstitisset,possetcontiugere:quasidieat,immunem
996 2915 1157 2987 vituperare
1174 2915 1280 2980 videar,
1295 2915 1358 2968 dieo
1374 2915 1445 2985 quod
1454 2921 1494 2975 tu,
1509 2914 1622 2966 Domine
1631 2911 1704 2965 uero
1719 2929 1801 2977 rueres,

142 3020 189 3057 me
205 3003 272 3056 iecit
285 3020 301 3056 a
316 3005 443 3073 peccato.
463 3003 537 3055 liene
551 3018 616 3056 vero
635 3006 816 3073 peecatorum
827 3006 945 3076 profun-
958 3033 982 3094 0
995 3004 1083 3074 [eristi
1093 3004 1326 3068 iorrltauu'rolu'tr'u,
1342 3003 1448 3056 scilieet
1462 3003 1510 3055 illa
1520 3005 1645 3066 terrena,
1661 2999 1804 3053 mirabilia

142 3092 298 3146 ditaslorus
311 3090 425 3155 dicitur,
441 3107 475 3144 eo
492 3089 570 3160 quod
586 3090 732 3145 instabiles
751 3095 779 3146 et
795 3093 886 3147 lluxos
904 3093 946 3147 sa·
998 3093 1157 3158 existentia,
1188 3092 1250 3146 dieo
1267 3096 1314 3145 tua
1341 3090 1510 3162 essezquod
1538 3093 1580 3143 est
1603 3088 1803 3150 dicereztlure

142 3179 197 3235 ciat
219 3179 406 3242 etiusolidos‚
435 3178 681 3248 quemadmodum
711 3180 787 3232 lacus
810 3181 948 3235 instabilis
998 3184 1290 3244 creaturaetumsunt,
1309 3175 1803 3246 riorxereator,saisieb'onrespi-

143 3268 234 3322 fluxus
250 3271 278 3320 et
302 3265 439 3319 insolidus
455 3269 506 3320 est.
524 3265 561 3317 Et
577 3265 668 3318 oliuo
683 3283 723 3319 ore
741 3267 772 3319 dc
795 3268 848 3321 luto
862 3270 946 3337 sacis.
998 3269 1087 3324 eietiu
1099 3269 1234 3333 insanias,
1247 3268 1275 3322 id
1285 3267 1363 3322 estin
1380 3266 1585 3331 idololatriam,
1604 3280 1656 3317 uec
1681 3267 1724 3318 est
1736 3264 1801 3317 illuc

143 3355 201 3409 lloe
216 3358 312 3408 autem
326 3353 403 3406 idem
420 3356 472 3417 cst,
493 3352 570 3422 quod
586 3356 614 3406 et
629 3353 664 3406 de
693 3355 755 3407 lacu
785 3355 881 3410 trecis:
900 3357 949 3411 sed
998 3357 1222 3426 respiciendum,
1240 3356 1289 3409 sed
1306 3356 1334 3409 in
1350 3355 1530 3420 tellominc,
1550 3352 1702 3406 utcolaris.
1732 3353 1803 3405 Nam

143 3443 220 3497 aliud
234 3443 363 3506 denotat,
380 3440 486 3492 seilicet
508 3439 628 3493 nimiam
645 3440 814 3495 sorditatem
833 3447 861 3496 et
877 3444 948 3499 selo·
1000 3449 1040 3511 tu,
1058 3443 1190 3509 Domine,
1207 3442 1297 3497 iecisti
1312 3445 1402 3496 multa
1419 3441 1561 3495 mirabilia
1583 3443 1632 3493 tua
1647 3457 1653 3506 ;
1669 3439 1748 3511 quod
1763 3442 1805 3493 cst

143 3527 950 3598 renunaliexempli,sieutluturndelineesordidiosest
1001 3533 1232 3587 diecretlllultus
1270 3531 1360 3585 iecisti
1395 3530 1542 3583 mirabiles
1568 3534 1724 3589 creaturas,
1753 3541 1805 3598 per

143 3624 173 3675 et
187 3618 327 3692 putridius
341 3616 396 3670 alio
410 3617 480 3670 luto.
492 3616 562 3669 Nam
572 3615 654 3686 quiin
666 3618 731 3671 lacu
744 3618 948 3686 miscriresuut,
1001 3637 1070 3692 quas
1083 3624 1113 3673 tu
1132 3636 1196 3673 cum
1211 3620 1247 3672 sis
1262 3618 1417 3683 invisibilis,
1435 3616 1618 3687 cognosceris
1628 3632 1689 3669 esse
1705 3613 1805 3669 Douri-

143 3710 173 3761 et
186 3704 346 3761 fetidissimi
364 3703 498 3769 existunt,
516 3707 544 3757 et
561 3703 631 3758 alios
644 3706 766 3776 exempli
783 3707 948 3762 nralilctore
1000 3707 1224 3771 nusetCrealor,
1243 3706 1364 3776 ideoque
1374 3706 1402 3758 iu
1417 3705 1457 3757 tui
1467 3706 1575 3758 cultum
1588 3701 1803 3773 respiciendum

142 3796 341 3866 corrumpunt.
359 3793 392 3845 Et
407 3809 465 3845 uon
476 3793 568 3845 solum
583 3792 691 3859 eduxit,
709 3794 759 3847 sed
773 3797 948 3858 etstotuit,id
999 3799 1051 3848 est.
1069 3796 1148 3849 llude
1175 3794 1326 3866 Apostolus
1342 3809 1348 3845 :
1366 3814 1379 3840 u
1406 3792 1560 3846 Invisibilia
1581 3791 1659 3844 enim
1686 3789 1806 3860 ipsiusa

143 3886 185 3938 est
208 3881 343 3937 stabilivit
370 3880 448 3950 pedes
471 3897 551 3941 orcos,
578 3879 606 3932 id
622 3883 664 3934 est
678 3881 843 3935 affectiones
869 3899 949 3937 meas
998 3888 1128 3938 ereatura
1145 3883 1244 3936 muudi
1262 3898 1312 3954 per
1332 3898 1365 3935 ca
1387 3897 1450 3952 quar
1474 3882 1548 3933 laisla
1571 3883 1637 3932 sunt
1661 3878 1805 3932 intellecta

141 3989 221 4042 supro
237 3977 354 4040 petroio,
371 3968 400 4024 id
416 3970 457 4020 est
472 3967 737 4037 superfirruitatem
754 3969 949 4024 virtutumlit
997 3972 1212 4041 conspiciuntur
1228 3971 1318 4028 tllouv.
1332 3987 1350 4034 r,
1365 3970 1438 4040 20).»
1455 3968 1492 4022 Et
1503 3986 1537 4021 ea
1556 3967 1699 4021 mirabilia
1713 3965 1804 4019 fecisti

142 4060 238 4113 direxit
256 4073 358 4124 pressus
371 4071 449 4117 meos,
466 4053 494 4106 id
515 4056 557 4107 est
581 4054 656 4124 ipsas
680 4054 845 4109 affectiones
869 4075 948 4111 meas
997 4060 1211 4129 cogitationibus,
1228 4059 1310 4112 idest
1322 4057 1565 4128 dispositionibus.
1582 4057 1643 4121 tuis,
1661 4071 1718 4108 uon
1732 4055 1802 4107 alto-

144 4140 948 4218 perseverauterdebonoopereinbouumopus.Etim·
997 4147 1055 4202 rius
1073 4147 1316 4218 dispositionibus.
1345 4146 1425 4200 lludc
1440 4144 1515 4198 idem
1530 4144 1723 4215 Apostolus:«
1736 4141 1804 4205 Quis

143 4235 215 4288 misit
244 4234 272 4284 in
295 4247 322 4283 os
344 4245 442 4293 circum,
468 4228 496 4281 in
513 4228 652 4282 oscordis
672 4229 787 4296 scilicet,
815 4234 948 4287 ceraticum
998 4228 1803 4305 enimeognovitsensumDomini,autquisconsiliarius

143 4336 250 4386 nouum,
267 4317 372 4371 scilicet
393 4333 510 4377 ceruleo,
537 4315 564 4370 id
595 4319 637 4370 est
663 4307 1145 4394 laudemIreouostroDejusluit?
1161 4320 1506 4392 »quomxussliliullus
1523 4316 1803 4388 scilicetzcrgoquia

144 4411 322 4478 competens.
341 4406 370 4457 ln
385 4404 506 4458 Hebraeo
523 4404 647 4458 habetur
675 4406 817 4474 tyrenum,
838 4408 948 4463 Novum
999 4411 1088 4465 fecisti
1103 4412 1193 4464 inulta
1204 4409 1348 4463 mirabilia
1361 4407 1583 4479 cogitationibus
1596 4404 1661 4470 tuis,
1683 4405 1804 4474 apparet

143 4495 289 4551 canticum
304 4492 381 4558 dicit,
409 4491 465 4546 suis
488 4492 682 4546 voluntatibus
705 4493 755 4547 Dei
773 4496 949 4552 voluntatem
1000 4500 1075 4570 quod
1092 4498 1180 4550 notun
1192 4505 1228 4550 cst
1244 4497 1290 4567 qui
1307 4496 1402 4550 similis
1417 4497 1451 4549 sit
1466 4495 1516 4547 tibi
1539 4507 1755 4564 usquequaque,
1773 4493 1805 4543 ut

144 4597 326 4656 proponere,
341 4596 397 4652 quo
410 4581 585 4634 vetuslromo
597 4581 688 4636 Adam
703 4584 732 4636 et
744 4583 804 4653 ejus
819 4587 950 4640 membra
1000 4587 1035 4641 sit
1050 4587 1156 4640 scilieet
1172 4602 1270 4639 rerum
1285 4588 1408 4650 creator,
1426 4584 1549 4654 ideoque
1564 4582 1635 4635 sieut
1647 4585 1678 4633 tu
1700 4579 1806 4633 debeat

144 4672 299 4729 caruerunt
312 4686 317 4722 :
328 4667 440 4740 quisuis
451 4667 947 4728 voluntatibusobediremaluerunt.
999 4675 1124 4730 adorari.
1141 4675 1288 4738 Quaercret
1304 4672 1418 4744 aliquis:
1432 4671 1505 4725 llicis
1534 4669 1611 4742 quod
1627 4667 1710 4722 multi
1726 4664 1804 4720 vido·

145 4759 222 4816 lstud
245 4761 342 4812 autem
360 4772 449 4810 novus
463 4756 551 4810 homo
565 4755 702 4819 Christus
719 4761 746 4811 et
760 4758 820 4828 ejus
834 4761 948 4815 consor·
1000 4765 1081 4830 bunt,
1102 4766 1155 4817 etc.
1178 4765 1231 4816 Per
1260 4761 1328 4833 quid
1358 4776 1428 4828 ergo
1458 4757 1683 4812 videbunt‘thoc
1708 4759 1805 4808 autem

146 4865 208 4905 mes
216 4847 390 4901 habueruut.
401 4843 576 4911 Notandum,
587 4845 873 4917 proplietasaliosque
883 4849 951 4903 fide·
1000 4851 1135 4917 ostendit,
1151 4867 1216 4904 cum
1233 4849 1322 4903 addit,
1340 4849 1393 4901 Per
1405 4848 1459 4901 hoo
1476 4846 1623 4911 videbunt,
1649 4843 1726 4915 qood
1750 4858 1806 4913 ogo

143 4931 727 5007 lesquiChristiadventumpraevenerunt,
745 4917 829 5004 126
842 4935 948 4990 Christi
999 4940 1199 4992 orruuntiociet
1223 4937 1322 4990 loeutus
1351 4952 1421 4996 sum,
1454 4933 1627 5003 rrrrrlliolieoti
1644 4937 1705 4986 scrut
1728 4946 1807 4999 super

144 5024 278 5080 membra
297 5020 392 5084 luisse,
408 5020 466 5091 jam
484 5019 512 5072 in
529 5019 584 5073 fide
604 5023 633 5073 et
648 5037 708 5091 spe,
732 5021 798 5075 lieet
819 5024 948 5077 nondum
999 5043 1149 5092 numerum,
1165 5025 1242 5097 quod
1255 5026 1297 5077 est
1310 5023 1405 5077 dicere
1418 5022 1485 5077 :uei
1495 5021 1711 5076 annuntiabunt
1721 5018 1763 5072 eis
1777 5020 1808 5070 et

143 5117 217 5169 esset
231 5114 314 5165 uatus
327 5109 362 5163 de
376 5107 490 5179 Virgine
508 5124 513 5159 :
532 5107 608 5177 quod
626 5109 950 5182 praefiguratumcstper
999 5115 1163 5186 loquentur,
1180 5116 1209 5166 et
1225 5129 1276 5184 per
1290 5112 1344 5165 hoc
1364 5110 1417 5181 ipsi
1433 5109 1702 5180 multiplicabuntur
1719 5121 1807 5177 super

143 5199 300 5275 quemdam
320 5197 349 5250 iu
363 5195 458 5249 Veteri
481 5195 676 5261 Testamonto,
702 5196 782 5265 eujus
802 5214 904 5252 manus
920 5201 949 5253 in
1000 5217 1154 5255 numerum
1169 5200 1331 5264 delinitum,
1350 5199 1433 5253 idest
1452 5200 1548 5269 plures
1561 5198 1740 5266 eruntquam
1752 5211 1806 5248 nu-

143 5289 291 5344 nativitate
318 5286 403 5355 caput
427 5283 581 5353 praecessit,
605 5282 672 5337 Dico
692 5300 699 5337 :
720 5284 891 5354 exspectavi,
922 5292 950 5342 et
1000 5291 1105 5344 merari
1131 5289 1246 5361 possint.
1263 5287 1442 5341 rturxuntiare
1458 5291 1486 5340 et
1500 5285 1578 5358 loqui
1603 5284 1805 5350 diversasunt,

140 5379 201 5449 ipse
218 5372 352 5430 intendit.
369 5373 402 5425 Et
417 5370 505 5436 oravi,
531 5373 560 5424 et
572 5371 725 5437 exaudivit,
750 5375 778 5425 et
803 5373 862 5427 hare
879 5375 949 5430 eide·
1000 5378 1213 5434 annuntiabunt
1229 5376 1335 5430 seilicet
1347 5374 1513 5429 testimonio
1530 5371 1806 5446 prophetarum‚qui

143 5467 215 5530 tunt,
235 5463 263 5517 id
279 5463 321 5515 ost
337 5459 498 5529 intelligent
527 5459 614 5524 inulti,
637 5459 709 5513 sicut
729 5459 949 5531 intelligendum
1000 5469 1097 5522 lutura
1111 5466 1198 5521 locuti
1211 5470 1286 5520 sunt.

142 5553 195 5610 est.
213 5549 249 5604 Et
268 5547 402 5614 videndo,
419 5548 551 5619 exemplo
577 5546 633 5602 mei
647 5548 775 5603 timebunt
789 5549 943 5620 ltomv'uum,
982 5611 984 5617 ,
1036 5554 1215 5610 Annuntiare
1231 5571 1357 5625 namque
1374 5552 1487 5628 proprie
1496 5551 1579 5606 estde
1594 5549 1706 5615 futuris,
1720 5551 1750 5604 et
1760 5549 1802 5605 lo-
