3772 5970
105 287 174 343 toti
594 286 773 345 EXPOSITIO
791 289 825 344 ta·
845 286 1012 349 PSALMOS.
1028 319 1063 332 -
1075 289 1163 346 esst
1181 289 1291 346 txxvu
1701 295 1769 355 {042

107 406 181 461 Nam
198 407 346 464 ceciderunt
359 406 475 462 tautedio
484 414 630 463 castrorum
645 417 773 477 caram,et
786 414 856 466 circa
868 418 908 465 ta·
923 435 949 496 A
972 415 1016 482 tot
1031 429 1063 466 er
1078 412 1145 484 ipsis
1155 413 1251 468 occidit
1267 415 1336 484 quot
1350 412 1440 467 electos
1452 429 1485 468 ex
1498 413 1583 468 lsrael
1591 415 1770 485 Moysenaci·

109 493 292 562 beuraeuia,id
301 494 804 563 estcircaeastraeoruut,scilieetetin
816 497 911 553 medio
968 499 1034 555 licet
1051 504 1080 556 et
1093 505 1211 556 ceteros
1224 502 1358 573 prelatos
1371 504 1400 555 et
1413 502 1524 557 sanctos
1534 502 1768 575 impedivitquod

108 584 317 649 ceciderunt,et
327 584 640 655 forisjuxtacastra.Hic
651 586 916 642 tribusversibusad
946 622 948 632 ·
966 604 1024 643 non
1043 591 1160 660 possent
1174 588 1229 643 iter
1243 605 1342 660 agere,
1363 589 1513 644 disturbati
1530 606 1631 644 eorum
1646 590 1768 645 sunere:

107 670 236 727 litteram
252 671 405 743 adaptatis,
418 673 455 727 ad
470 672 638 745 allegoriam
651 673 702 729 ilat
714 669 916 731 accessusllixi
964 677 1008 731 vel
1027 676 1325 747 impedivitarutioaem
1341 675 1494 744 electorum,
1522 676 1550 732 id
1580 682 1622 732 est
1642 677 1768 733 ineffica-

112 743 290 831 quod305
305 762 379 815 Deus
392 777 445 832 per
458 760 661 833 predicatores
671 761 744 832 pluit
753 762 915 818 doctrinam
964 780 1027 819 cem
1040 764 1108 819 lecit
1122 765 1158 819 ad
1173 766 1293 819 modum
1308 763 1350 819 rei
1366 764 1525 836 impedite,
1542 768 1573 819 ut
1586 781 1652 820 cum
1663 765 1769 820 scilicet

108 848 285 904 comedendi
299 865 402 920 eorpus
412 849 545 904 snumEt
556 851 587 903 ut
598 849 685 904 etiam
696 850 736 904 eis
746 850 802 906 alia
811 867 916 923 prece·
964 867 1017 923 pro
1033 851 1073 906 cis
1092 854 1217 906 orarent.
1233 868 1292 906 non
1312 851 1527 925 impetrarent:
1549 856 1656 907 etcum
1673 855 1768 909 ceteri

109 937 161 1008 pta
170 937 282 1007 plueret
293 938 483 1009 pereosdem,
496 935 631 991 transtulit
641 936 673 991 de
684 938 744 992 ecia
755 937 916 1008 austrum,id
965 939 1014 1010 qui
1028 938 1192 1010 superstites
1207 938 1334 1006 fuerunt,
1352 939 1483 1011 castigati
1506 957 1567 994 esse
1590 940 1768 1007 debuissent,

98 1028 152 1101 *est
170 1025 285 1080 abstulit
301 1025 336 1080 de
350 1023 488 1097 mysterio
514 1024 644 1080 sublimis
665 1027 916 1098 contemplationis
965 1043 1001 1081 ne
1008 1026 1437 1097 peccarentinconsideratione
1447 1027 1769 1098 supradictorummira-

110 1113 318 1184 predicatores
343 1112 392 1184 qui
412 1116 479 1168 sunt
491 1113 635 1168 ferventes
645 1112 712 1184 igne
727 1115 872 1170 eharitatis
887 1120 916 1171 et
964 1114 1077 1182 billum,
1093 1118 1121 1169 et
1134 1115 1252 1185 hujusce
1269 1114 1413 1181 vindicte,
1428 1117 1527 1169 tamen
1549 1117 1576 1169 ia
1591 1116 1714 1170 omnibus
1728 1118 1769 1170 tris

108 1199 178 1256 sidet
193 1217 200 1255 :
217 1200 254 1255 ad
271 1200 491 1255 similitudinem
500 1200 597 1267 austri,
615 1200 662 1273 qui
677 1201 784 1257 calidus
796 1205 839 1257 est
851 1220 915 1258 ren·
964 1202 1144 1270 remitteretis,
1155 1202 1184 1256 id
1198 1205 1239 1257 est
1250 1202 1279 1256 in
1291 1202 1501 1258 considerando
1516 1203 1577 1258 hec
1591 1204 1691 1258 omnia
1700 1220 1766 1276 pec-

98 1290 166 1354 tus,
183 1292 244 1343 eta
259 1287 351 1343 calida
363 1287 481 1360 regione
497 1288 623 1343 veniens.
645 1288 684 1343 Et
697 1289 800 1344 traduxit
814 1290 843 1345 in
857 1294 914 1346 ter·
964 1294 1100 1345 caverunt
1122 1290 1219 1352 aditur,
1240 1297 1265 1343 et
1277 1306 1329 1342 aaa
1344 1289 1510 1343 erediderunt
1530 1291 1621 1345 Deum
1634 1290 1766 1346 futurum

90 1391 174 1436 ‘ram
185 1377 313 1447 osricum,
325 1375 389 1430 illos
399 1376 527 1444 eosdenr,
537 1376 642 1432 scilicet
659 1376 771 1432 induxit
780 1378 808 1433 in
824 1381 914 1434 terre·
964 1379 1087 1433 ultorem
1096 1380 1124 1431 iu
1138 1376 1307 1432 memoratus
1321 1378 1387 1448 ejus,
1401 1378 1483 1433 idest
1495 1378 1765 1435 inconsideratione

107 1480 176 1532 nos,
193 1467 224 1518 ut
238 1464 278 1518 eis
293 1464 495 1536 predicarent.
518 1465 620 1519 Auster
635 1467 664 1520 et
678 1465 782 1521 airicus
797 1468 913 1522 eosdem
964 1465 1141 1522 mirabilium
1171 1466 1241 1536 ejus.
1259 1465 1338 1530 Quod
1354 1471 1396 1522 est
1411 1466 1523 1521 dicere:
1539 1467 1609 1521 Cum
1625 1467 1655 1525 in
1672 1469 1765 1523 consi-

111 1555 229 1620 notant,
248 1555 366 1624 uterque
380 1569 506 1623 namque
518 1552 635 1608 aeolida
651 1552 914 1625 regiencrenit.Vel
964 1550 1112 1606 deratione
1135 1552 1364 1622 supradictorum
1388 1552 1564 1609 mirabilium
1583 1553 1700 1609 credere
1717 1555 1766 1610 de-

112 1638 137 1695 si
152 1639 296 1695 dicamus:
316 1639 424 1693 Eurum
442 1641 580 1694 transtulit
592 1640 624 1694 de
635 1640 772 1708 reclausit
787 1659 820 1696 ac
835 1642 857 1696 si
870 1642 914 1697 di·
963 1639 1100 1706 buissem,
1122 1642 1213 1694 Deum
1229 1641 1353 1696 ultorem
1369 1640 1509 1709 futurum,
1527 1645 1624 1696 tamen
1650 1643 1766 1698 eredere

110 1730 207 1783 cerel:
222 1727 428 1783 predicatores
442 1727 490 1799 qui
509 1731 575 1782 sunt
589 1728 677 1783 lucidi
689 1728 718 1783 in
735 1729 849 1784 sublimi
864 1730 912 1785 Dei
926 1745 952 1804 Β
964 1729 1159 1782 nolueruntut
1174 1732 1327 1783 cessarent.
1337 1729 1371 1782 Et
1382 1728 1510 1786 ideodies
1522 1747 1613 1784 aarum
1628 1732 1767 1785 tuuuitatc

106 1815 286 1887 cognitione,
304 1816 352 1888 qui
368 1815 556 1887 designantur
568 1832 620 1888 per
631 1832 734 1871 eurum
747 1817 796 1888 qui
812 1834 829 1872 a
844 1816 913 1872 luci·
965 1815 1147 1871 existentium
1160 1816 1321 1886 ‹lesereruut
1337 1816 1418 1881 Quod
1429 1819 1472 1871 est
1482 1817 1590 1872 dicere:
1600 1817 1651 1872 Via
1662 1833 1765 1872 eorum
1822 1835 1828 1840 ’

109 1901 151 1957 da
166 1903 267 1957 mundi
283 1903 369 1976 plaga
388 1903 475 1970 venit,
487 1903 523 1957 ab
535 1903 648 1958 oriente
668 1903 785 1971 scilieet,
798 1904 914 1960 abstulit
965 1902 1109 1958 deleeitut
1119 1903 1456 1976 mererentur,quiavani
1468 1904 1765 1976 erant.Velsic:Defc·

106 1989 146 2046 de
160 1991 415 2063 contemplationis
424 1991 518 2047 studio
529 1994 559 2046 ut
567 1991 763 2064 predicationi
771 1994 913 2046 vacarent.

105 2078 147 2133 Et
162 2095 210 2133 eos
223 2079 377 2134 existentes
402 2080 534 2149 alricum,
551 2079 638 2135 idest
656 2079 685 2134 in
702 2079 841 2135 charitate
856 2077 913 2133 ser·

109 2165 192 2222 vidas
208 2167 341 2239 allegavit
356 2167 383 2223 in
405 2185 504 2226 curam
519 2168 740 2241 predicationis.
767 2169 801 2222 Et
811 2167 889 2222 hoel
904 2198 916 2208 -

91 2254 152 2319 ‚eit
166 2256 193 2308 ia
210 2258 308 2310 virtute
324 2274 383 2325 sua,
399 2257 428 2312 id
444 2259 527 2314 estin
541 2259 672 2332 potentia
690 2274 750 2312 sua.
778 2257 811 2310 Et
838 2258 915 2328 post-

111 2359 200 2415 quam
214 2342 325 2399 induxit
340 2359 389 2398 eos
401 2341 430 2397 iu
447 2359 546 2398 euram
568 2342 789 2414 predicationis,
806 2359 858 2414 per
871 2343 913 2416 ip-

110 2447 158 2487 sos
167 2431 383 2502 predicatores,
390 2431 463 2501 pluit
475 2448 553 2502 suuper
565 2448 617 2498 eas,
629 2431 658 2485 id
670 2435 712 2486 est
721 2431 871 2486 hereticos
885 2434 914 2486 et

60 2580 66 2586 ,
105 2517 209 2573 fideles
219 2517 307 2574 ctiam
323 2535 432 2574 carnes.
450 2520 484 2573 Et
496 2519 580 2591 ponit
591 2520 731 2591 pluralem
745 2535 798 2590 pro
816 2518 913 2591 singu·

110 2606 281 2674 laricanus
302 2607 433 2663 videlicet
453 2625 505 2680 pro
520 2624 649 2663 carnem.
667 2607 737 2663 Cum
754 2608 822 2662 dicit
836 2625 913 2678 super

113 2713 166 2763 eos,
178 2695 271 2751 innuit
296 2696 374 2768 quod
390 2697 424 2752 de
440 2715 553 2752 sursum
569 2697 647 2752 venit
660 2695 791 2751 doctrina
804 2697 862 2763 illa,
879 2712 911 2750 ac

966 1999 1057 2046 cerunt
1071 1992 1101 2047 in
1117 2009 1230 2047 morem
1248 1992 1411 2064 aliquorum
1436 1995 1464 2046 in
1481 1995 1598 2047 vanitate
1618 1995 1764 2048 natorum.

965 2079 1048 2143 Quod
1063 2082 1105 2136 est
1125 2079 1237 2135 dicere:
1261 2081 1304 2135 lta
1318 2079 1425 2135 mortui
1437 2084 1513 2147 sunt,
1531 2084 1562 2135 ut
1576 2081 1605 2135 in
1617 2097 1725 2135 vanum
1738 2084 1767 2135 et

964 2167 1025 2222 sine
1041 2167 1168 2239 qualibet
1182 2167 1304 2222 utilitate
1318 2167 1484 2223 riderentur
1495 2185 1555 2223 esse
1571 2167 1641 2235 nati,
1664 2171 1692 2223 et
1708 2185 1766 2224 non

964 2256 1045 2310 tarde
1061 2255 1229 2312 deiecerunt
1243 2240 1355 2327 306,
1367 2255 1417 2310 sed
1428 2255 1766 2312 auaiearumdefeeerunt
1802 2241 1821 2300 ’-

964 2361 1023 2398 curu
1037 2344 1217 2414 festinatione,
1234 2343 1262 2399 id
1277 2347 1321 2399 est
1335 2343 1464 2411 indilate,
1479 2344 1540 2399 dies
1551 2346 1580 2398 et
1594 2343 1674 2412 anni,
1688 2343 1766 2398 idem

964 2431 1010 2487 bie
1021 2434 1097 2487 sunt.
1111 2430 1180 2487 Curu
1198 2436 1297 2488 autem
1309 2433 1382 2487 Deus
1392 2432 1518 2486 accideret
1533 2448 1584 2499 cos,
1601 2431 1641 2486 illi
1657 2431 1704 2503 qui
1719 2448 1766 2486 su·

964 2519 1098 2593 perstites
1113 2522 1205 2589 erant,
1222 2520 1326 2576 timore
1339 2519 1440 2588 coacti,
1456 2520 1612 2591 querebant
1627 2537 1685 2575 eurr.
1699 2535 1765 2591 pre·

963 2607 1051 2676 cibus,
1067 2614 1091 2663 et
1106 2594 1301 2663 reuertebaatur
1313 2607 1478 2678 penitendo
1490 2607 1525 2662 de
1540 2607 1672 2678 pcccatis,
1688 2614 1713 2662 et
1723 2625 1766 2662 ve·

963 2698 1072 2751 aiebant
1086 2696 1121 2751 ad
1132 2715 1191 2752 eum
1206 2695 1397 2770 promissione
1411 2696 1593 2752 obedientie.
1611 2697 1644 2751 Et
1658 2697 1714 2751 hoc
1724 2695 1765 2750 ur·-

964 2784 1060 2853 tueule,
1074 2785 1103 2840 id
1120 2788 1163 2840 est
1176 2784 1310 2851 studiose,
1326 2801 1342 2838 a
1357 2775 1766 2856 similitudineclientium,qui

965 2873 1043 2928 eirca
1058 2873 1207 2945 negotium
1233 2871 1349 2927 Domini
1362 2872 1483 2927 studiosi
1495 2871 1619 2927 diluculo
1633 2876 1764 2944 surgunt.

110 2783 133 2838 εἰ
150 2784 279 2840 diceret:
302 2785 382 2840 Pluit
407 2804 485 2857 super
499 2803 540 2840 eos
556 2802 685 2852 earnem,
701 2785 787 2839 idest
805 2784 912 2839 doctri·

91 2932 93 2937 ,
109 2888 180 2926 nam
197 2871 490 2929 incarnationisl'erbi
500 2875 561 2930 Dei.
579 2875 702 2929 Carnem
715 2874 778 2928 dieo
791 2872 914 2927 existen-

108 2962 169 3014 tem
177 2959 250 3015 sieut
262 2963 421 3032 pulverem,
435 2962 464 3018 id
475 2966 518 3017 est
529 2964 620 3018 levem
632 2962 661 3017 in
677 2960 758 3017 omni
771 2960 874 3015 virtute
884 2964 913 3015 et
964 2962 998 3015 Et
1012 2964 1081 3017 tune
1096 2963 1264 3016 renumerati
1280 2966 1352 3027 sunt,
1376 2961 1453 3033 quod
1467 2960 1547 3016 obliti
1560 2961 1643 3014 erant
1654 2960 1684 3015 in
1697 2976 1764 3031 pro·

108 3064 196 3121 opere
211 3049 331 3117 bono,et
345 3049 550 3106 immunemab
564 3050 643 3106 omni
659 3050 781 3104 humore
791 3048 909 3120 peccati,
920 3027 947 3123 ,G
962 3050 1108 3123 speritate,
1121 3049 1227 3104 scilicet
1244 3048 1314 3121 quod
1327 3049 1400 3103 Deus
1412 3049 1519 3120 adjutor
1534 3056 1678 3115 eteorum,
1695 3065 1763 3103 eon·

107 3136 181 3192 sieut
195 3138 286 3208 pulvis
301 3141 343 3194 est
355 3140 422 3194 levis
437 3145 466 3196 et
479 3141 539 3196 sine
555 3141 688 3206 humore,
705 3143 734 3194 et
746 3147 806 3194 iren
818 3141 910 3194 solum
960 3141 1006 3193 tra
1017 3137 1153 3193 instantia
1164 3137 1301 3210 pericula,
1320 3145 1344 3191 ct
1355 3139 1428 3193 Deus
1443 3137 1564 3203 caeetsus,
1576 3137 1605 3191 id
1616 3140 1658 3191 est
1669 3136 1764 3192 omni·

106 3241 223 3281 carnem
238 3227 321 3297 pluit,
337 3228 387 3282 sed
403 3230 432 3282 et
446 3229 701 3300 volatitiapeuuata,
714 3230 744 3285 id
759 3232 801 3284 cst
812 3226 911 3286 omnia
960 3227 1216 3298 potensrederuptor
1228 3243 1317 3281 carum
1330 3232 1376 3293 est,
1387 3226 1434 3297 qui
1446 3242 1494 3280 eos
1508 3225 1614 3280 scilicet
1628 3225 1663 3280 de
1676 3241 1763 3279 manu

105 3317 251 3386 precepta
261 3315 454 3388 salubriaque
464 3318 723 3373 sublimanttrdeles
733 3315 909 3388 adlcoelestia,
960 3314 1118 3370 Pharaonis
1133 3318 1161 3369 et
1176 3314 1211 3369 de
1226 3314 1300 3370 mari
1315 3315 1411 3369 llubro
1438 3314 1571 3369 redemit.
1587 3311 1625 3367 Et
1640 3316 1708 3368 tune
1723 3314 1764 3367 di·

106 3400 179 3456 sieut
192 3418 296 3474 penne
312 3405 446 3459 volatilia.
461 3406 495 3460 Et
510 3406 571 3478 ipsa
589 3411 735 3478 precepta
749 3405 909 3471 cecideruut,
960 3403 1079 3459 terei-taut
1094 3422 1153 3458 erret
1173 3407 1201 3458 r'a
1216 3420 1331 3470 arcsue,
1359 3403 1388 3459 id
1418 3407 1459 3457 cst
1475 3419 1556 3457 more
1578 3401 1762 3458 simulatoris.

106 3486 136 3543 id
153 3493 195 3544 est
212 3491 336 3563 desuper
350 3497 491 3548 venerunt
504 3494 534 3548 in
548 3494 632 3548 medio
647 3502 795 3548 castrorum
809 3511 910 3559 curura,
962 3491 1043 3557 Quod
1070 3496 1112 3546 est
1128 3492 1222 3547 dicere
1240 3510 1246 3546 :
1267 3493 1452 3547 Pratulerunt
1472 3492 1560 3547 verba
1574 3490 1762 3559 simulatoria,

105 3575 135 3632 id
153 3579 196 3632 est
210 3577 359 3650 inaperta,
371 3580 400 3635 in
411 3581 518 3649 medio,
534 3580 640 3638 scilieet
656 3583 799 3638 civitatum
809 3596 911 3635 corum
961 3595 1025 3650 que
1037 3580 1073 3634 ad
1089 3579 1273 3634 dilectionem
1294 3580 1440 3653 pertinere
1453 3579 1634 3633 videbantur.
1650 3578 1688 3632 Et
1713 3595 1763 3633 ore

106 3682 171 3738 que
185 3669 277 3721 castra
292 3667 437 3738 dicuntur,
450 3686 484 3724 eo
499 3671 576 3741 quod
587 3670 623 3725 ad
634 3670 851 3725 similitudinem
864 3685 910 3722 ca·
962 3668 1120 3739 diligendo,
1130 3670 1236 3721 raeatiti
1248 3674 1309 3722 serit
1324 3667 1386 3721 etin
1398 3667 1486 3736 linqua
1503 3684 1561 3734 sira,
1572 3666 1600 3720 id
1616 3668 1660 3719 est
1674 3664 1762 3720 simu-

107 3756 235 3809 strorum
253 3756 423 3812 transitorie
433 3760 500 3811 sunt
514 3774 520 3811 ε
538 3762 566 3812 et
581 3758 735 3829 aliquando
747 3755 912 3811 ceciderunt
962 3755 1074 3822 latoria,
1096 3755 1293 3828 promittendo
1317 3771 1346 3808 sc
1362 3771 1428 3810 eum
1444 3753 1574 3824 diligere.
1591 3752 1648 3809 Hoc
1662 3755 1759 3807 autem

106 3842 181 3896 circa
198 3842 369 3897 tabernacula
381 3862 482 3912 cortem,
502 3845 531 3899 id
547 3846 673 3900 esteirca
686 3845 787 3900 domos
802 3844 831 3898 in
848 3843 910 3915 qui·
961 3844 1078 3916 exponit
1100 3843 1246 3915 quomedo
1262 3845 1367 3896 rrtcrrtiti
1390 3849 1462 3907 suut,
1488 3857 1552 3895 cum
1578 3839 1675 3894 addit:
1694 3839 1761 3896 Dico

107 3929 162 3984 bus
177 3930 302 3985 breviter
314 3931 455 3999 habitant,
473 3935 501 3988 ct
514 3933 550 3987 ad
566 3934 668 3988 horam
683 3936 714 3987 ut
729 3933 758 3987 in
779 3933 912 3987 taberna·
961 3934 1038 4003 quod
1061 3934 1089 3986 ia
1104 3948 1148 3985 arc
1164 3931 1333 3996 dilaceratum
1363 3928 1416 3985 Cor
1428 3937 1516 3983 utitem
1537 3946 1627 3983 aarum
1642 3945 1694 3982 aaa
1705 3935 1761 3983 erat

108 4016 190 4072 culis.
208 4017 290 4082 Quod
305 4022 347 4074 est
369 4020 481 4076 dicere:
507 4021 669 4093 Aliquando
682 4020 912 4094 predicaverunt
961 4027 1074 4075 rectum:
1094 4018 1202 4074 scilicet
1225 4035 1284 4073 non
1305 4022 1367 4073 erat
1381 4035 1446 4074 cum
1462 4035 1496 4074 eo
1512 4019 1570 4073 Deo
1584 4033 1713 4084 concors,
1730 4020 1762 4073 ut

106 4109 253 4178 precepta
263 4107 388 4162 salubria
404 4108 514 4182 private
531 4109 560 4164 in
572 4108 705 4164 domibus
720 4112 752 4164 ut
765 4108 912 4164 auditores
960 4107 1030 4163 illud
1044 4109 1129 4162 vellet
1143 4107 1221 4179 quod
1236 4108 1318 4163 Deus.
1337 4108 1456 4162 Rectum
1467 4109 1655 4173 antemesset‚
1667 4104 1762 4160 sicum

104 4195 295 4260 atnalrercnt,
310 4194 467 4267 aliquando
484 4213 551 4252 cum
566 4198 704 4253 idoneum
723 4200 796 4253 esset
806 4196 910 4270 predi·
961 4212 996 4250 eo
1012 4198 1096 4251 esset.
1112 4193 1709 4264 Neefidelesbabitisuatbeneoperando‚ia
1724 4200 1763 4247 te-

104 4285 243 4337 caverunt
257 4282 287 4337 in
303 4283 455 4340 manifesto
471 4285 501 4339 in
518 4286 614 4341 medio
630 4285 785 4340 civitatum.
923 4271 1276 4355 Datameatoejus,idestin
1288 4284 1480 4356 promissione
1490 4299 1577 4354 quam
1587 4280 1760 4339 eileccrunt.

143 4369 296 4443 Sequitur;
310 4371 378 4426 [lieo
391 4373 626 4444 quodlleuspluit
637 4373 912 4428 filiislsraclmanna
962 4373 1044 4438 Quod
1053 4376 1097 4429 cst
1111 4372 1219 4428 dicere:
1233 4374 1309 4427 Bene
1316 4372 1427 4445 operati
1438 4387 1495 4426 non
1507 4372 1583 4438 sunt,
1605 4372 1636 4425 ut
1649 4369 1679 4424 in
1694 4388 1762 4444 pro·

105 4458 286 4526 etvolatilia,
303 4459 399 4531 stipsi
425 4461 654 4516 manducaverunt
677 4477 718 4528 ea,
748 4463 851 4516 elnon
873 4460 912 4515 ad
961 4461 1098 4517 missione
1120 4477 1171 4516 sua
1199 4460 1415 4515 tldelesessent.
1431 4457 1593 4530 Ipseautcm
1610 4459 1762 4517 Deuseum
1795 4529 1798 4532 Δ

105 4547 402 4617 mediocritatem,sed
413 4553 527 4605 saturati
536 4557 599 4605 suut
609 4552 698 4617 ru'mis,
712 4549 741 4605 id
758 4552 801 4605 cst
814 4566 911 4604 come·
957 4550 1035 4622 juste
1050 4552 1146 4621 posset
1161 4550 1197 4604 de
1212 4549 1253 4604 eis
1268 4548 1374 4617 ulcisci,
1391 4548 1537 4602 misericors
1552 4553 1589 4600 est
1612 4545 1698 4601 insui
1711 4563 1763 4600 na·

106 4635 214 4693 derunt
229 4637 265 4691 ad
280 4636 455 4709 ingluviem:
472 4643 500 4694 et
515 4639 581 4695 licet
596 4640 632 4695 ad
648 4638 805 4711 ingluviem
818 4654 913 4693 comc-
962 4641 1037 4692 tura.
1064 4638 1103 4693 Et
1112 4638 1248 4708 propitius
1268 4637 1313 4705 fiet
1322 4638 1439 4708 pereatis
1453 4652 1555 4702 eorum,
1570 4637 1711 4706 quantum
1727 4635 1765 4689 ad

107 4725 222 4795 tierent,
239 4729 336 4782 tamen
350 4727 505 4783 desiderium
515 4730 758 4794 earumattutttet's,
770 4733 798 4783 ct
814 4727 912 4784 nonin
961 4725 1096 4797 reliquias
1110 4742 1212 4780 eorum
1227 4725 1256 4779 in
1272 4724 1329 4778 [ine
1342 4723 1453 4792 mundi,
1467 4723 1573 4778 scilicet
1577 4723 1711 4794 propitius
1718 4720 1765 4793 fiet

64 4822 67 4827 ‘
106 4816 203 4888 parte,
219 4815 266 4870 sed
283 4815 355 4871 adeo
371 4818 449 4888 quod
464 4835 521 4873 non
538 4821 605 4873 sunt
618 4817 753 4884 fraudati,
770 4817 799 4872 id
812 4819 855 4871 est
868 4816 910 4871 di·
962 4814 992 4869 in
1008 4814 1065 4869 stne
1080 4813 1181 4868 mundi
1196 4813 1319 4885 peccatis
1333 4813 1543 4869 nasciturorum
1559 4813 1697 4872 adlruc,et
1712 4825 1764 4862 neu

107 4902 214 4960 minuti
229 4921 246 4958 a
260 4904 401 4961 desiderio
416 4923 476 4962 suo.
490 4907 571 4971 Quod
583 4911 624 4962 cst
640 4908 751 4961 dicere:
769 4905 913 4976 Quidquid
964 4903 1092 4975 disperdet
1102 4920 1153 4971 eos,
1165 4901 1194 4958 id
1205 4905 1311 4958 estnon
1324 4903 1452 4958 destruet
1466 4905 1604 4974 posteros,
1621 4899 1692 4954 sicut
1707 4897 1763 4952 dis-

108 4990 313 5048 dcsiderabant
328 4993 368 5047 eis
382 4994 512 5049 contulit.
530 4995 636 5066 thuia
651 5010 746 5049 eseam
760 4995 914 5047 alleoeum
965 4990 1091 5064 perdidit
1103 4993 1199 5062 patres
1213 4990 1384 5046 incredulos.
1395 4990 1443 5044 llic
1456 5006 1508 5060 per
1517 4991 1647 5059 lyptoten
1662 4987 1766 5042 intelli-

107 5079 271 5135 tentatione
287 5081 441 5154 petierant,
458 5085 486 5137 et
501 5082 701 5155 eumingluvic
712 5082 915 5148 comedebant,
965 5080 1052 5153 gitur,
1072 5082 1142 5154 qued
1154 5079 1270 5135 salvabit
1290 5098 1342 5146 cas,
1367 5084 1396 5135 et
1412 5077 1550 5150 quoniam
1561 5078 1584 5131 si
1598 5094 1698 5133 omnes
1713 5095 1763 5152 pa-

108 5167 282 5223 adducerent
296 5172 470 5225 iaorecaruur
488 5188 562 5238 esea,
576 5171 604 5226 id
621 5174 663 5226 est
674 5171 767 5225 udlmc
781 5170 917 5225 comede·
966 5170 1024 5223 tres
1036 5168 1234 5236 interfecisset,
1247 5168 1297 5223 tllii
1311 5186 1370 5224 non
1387 5168 1574 5222 nascerentur
1583 5165 1685 5237 quibus
1702 5183 1767 5237 pro·

110 5256 185 5313 hant
196 5274 305 5313 nranna
321 5264 350 5314 et
363 5261 497 5325 volatilia,
523 5268 548 5314 et
563 5264 605 5317 ira
620 5260 674 5314 Dci
682 5262 752 5313 uertit
770 5277 847 5331 super
860 5277 911 5324 cas,
968 5257 1126 5328 pitiaretur.
1153 5260 1232 5314 Adeo
1255 5258 1400 5311 abundavit
1416 5253 1608 5321 misericordia,
1624 5262 1654 5308 ut
1669 5264 1768 5311 auerte·

112 5343 144 5400 id
160 5348 202 5399 est
217 5345 336 5403 indilate
349 5348 475 5404 vindicta
491 5349 541 5403 llci
556 5348 713 5414 descendit,
730 5350 761 5401 ut
776 5348 852 5418 juste
866 5364 917 5418 op·
967 5353 1006 5400 ret
1021 5349 1100 5409 irem,
1115 5347 1145 5401 id
1161 5346 1369 5401 estrindictam
1384 5358 1468 5398 suam
1483 5362 1500 5399 a
1515 5341 1654 5415 patribus,
1664 5347 1693 5399 et
1707 5361 1767 5399 non

99 5433 256 5505 primerct
267 5452 326 5491 eos.
354 5436 478 5509 Exponit
498 5435 656 5508 quomodo,
670 5452 736 5490 cum
751 5436 862 5490 subdit:
887 5437 920 5490 Et
968 5434 1006 5489 sie
1022 5437 1163 5489 averteret
1177 5433 1375 5506 quodnullum
1391 5429 1578 5496 interficeret,
1592 5429 1773 5503 seditaquod

116 5520 180 5595 ipsa
194 5520 236 5577 ira
249 5523 460 5596 occiditpt'npues
490 5542 590 5592 earum,
606 5523 636 5578 id
653 5526 701 5585 ,est
716 5522 854 5594 superbos
870 5521 918 5594 qui
974 5539 1027 5578 aaa
1038 5520 1156 5577 ecreadit
1170 5537 1273 5579 emnem
1288 5522 1358 5576 t'raut
1370 5533 1464 5592 suam,
1479 5524 1511 5578 ut
1523 5533 1623 5574 omnes
1632 5519 1775 5591 perderet.

117 5627 152 5668 ex
167 5611 344 5684 pinguedine
374 5613 572 5687 prosperitatis
593 5613 763 5685 arrogantes
775 5613 869 5668 erant.
884 5609 922 5665 Et
