3772 5970
111 278 166 342 roe
418 272 449 341 S.
468 278 642 340 ananelus
661 272 978 340 alamusnueuurr
994 275 1228 342 inscrutatus
1246 277 1325 342 OPP.
1344 276 1465 343 rausi
1714 276 1785 345 teuc

110 410 148 469 a'd
159 409 288 468 litteram
310 402 401 464 David
420 402 576 471 rexlsrael,
601 399 650 476 qui
672 398 727 457 luit
739 397 814 456 lilius
825 397 952 464 tasseA
966 401 1104 473 appareat
1115 417 1197 476 quem
1218 397 1311 471 maus,
1340 397 1371 459 ld
1386 398 1522 460 sevaldi,
1545 399 1577 461 οι
1591 394 1786 463 {mmmm

110 498 263 559 Pertlavid
293 495 433 552 nimirum
454 494 530 550 lesse
550 491 641 548 tilium
657 488 851 546 metonomice
866 504 916 561 po·
964 489 1067 559 bonus,
1083 494 1204 563 apparet
1217 491 1247 547 in
1257 492 1313 548 hoc
1323 491 1413 565 iisqui
1436 498 1506 549 recto
1531 499 1603 550 suat
1621 491 1716 561 eorde,
1733 491 1785 551 illis

111 591 194 663 pulus
209 587 294 643 lsrael
310 584 459 657 accipitur,
470 598 504 637 eo
518 582 595 655 quod
606 580 665 650 ejus
676 579 753 633 idem
767 577 854 633 David
865 593 914 631 rex
963 580 1068 635 scilicet
1081 581 1129 653 qui
1144 582 1230 637 eorde
1243 583 1321 637 recto
1336 581 1522 654 perpendunt
1537 582 1576 638 ad
1592 581 1671 655 quid
1685 581 1786 655 impio·

111 678 225 735 exstitit.
257 677 291 730 Et
316 675 391 729 bene
413 671 501 727 etiam
514 687 548 725 ea
567 668 714 725 occasione
730 666 915 738 quoddesece·
963 685 1028 722 rum
1037 668 1182 733 exaltatio,
1194 668 1396 741 bonorumque
1410 669 1571 725 deventura
1598 669 1641 725 sit
1654 669 1783 727 afflictio.

110 774 173 823 runt
192 765 284 822 Irurdes
309 759 453 818 israelitici
469 758 576 831 populi,
592 758 718 829 psalmus
747 754 915 810 istedieitur
963 755 1021 811 ,ilci
1041 764 1126 811 erilem
1138 774 1206 828 pene
1220 759 1287 811 croti
1298 765 1360 811 sarni
1367 758 1455 828 pedes.
1487 758 1574 823 Quod
1606 759 1652 815 sic
1680 760 1719 815 ad
1741 778 1785 817 su·

109 855 285 927 compositus
297 852 392 906 luisse.
421 847 544 903 Ecclesia
557 863 693 917 uanique,
709 862 772 916 quae
788 847 816 897 et
830 859 913 913 syna·
963 845 1078 916 pociora
1103 845 1298 917 conjungitur.
1328 846 1422 901 Rectis
1448 847 1538 903 corde
1565 864 1666 921 quam
1695 850 1784 907 boum

110 961 186 1017 goga
212 942 302 997 fidelis
317 940 429 1005 dieitur,
455 954 518 1009 qum
544 936 621 1007 prius
645 936 719 989 Deus
734 933 769 987 de
784 931 914 986 contuitu
963 934 1037 988 Deus
1052 933 1189 1006 apparet!
1203 934 1259 990 Sed
1285 934 1423 1006 ureipedes
1431 953 1500 1007 pene
1515 939 1587 991 eneti
1600 939 1723 994 suntab
1741 955 1782 1009 eo,

107 1036 291 1089 terrenorum
301 1029 476 1092 laudaverat,
492 1023 661 1095 videuspost
672 1021 827 1076 adveutum
834 1018 914 1074 Chri-
963 1021 991 1075 id
1003 1024 1046 1076 est
1060 1023 1132 1078 ratio
1148 1040 1285 1095 meaque
1299 1022 1412 1080 animus
1427 1024 1552 1094 incedit,
1567 1024 1651 1081 sicut
1665 1026 1784 1099 pedibus

108 1122 144 1178 sti
170 1121 260 1175 bonas
275 1116 377 1188 afiligi,
393 1116 485 1170 malos
502 1129 569 1168 vcro
600 1109 773 1184 prosperari,
796 1108 913 1163 iniudi·
961 1126 1074 1182 eorpus,
1097 1127 1171 1182 pene
1190 1112 1432 1183 separataabeo,
1449 1112 1479 1169 id
1508 1116 1555 1168 est
1570 1129 1657 1186 pene
1673 1113 1784 1173 distorsi

108 1209 278 1283 gnationem
287 1204 533 1275 deveniens‚pene
549 1200 663 1255 defecit.
680 1200 713 1252 Et
724 1214 797 1269 pene
809 1215 841 1252 ex
850 1200 911 1251 toto
961 1198 996 1252 ab
1009 1215 1043 1254 co
1062 1199 1181 1255 rationis
1206 1217 1278 1255 mera
1306 1199 1478 1256 contuitum.
1497 1201 1589 1257 Etsic
1610 1219 1687 1275 pene
1710 1206 1783 1275 effusi

107 1298 303 1369 malignorum
318 1293 392 1366 parti
407 1291 589 1346 conformata
603 1291 655 1354 cst,
667 1290 737 1341 utet
749 1287 912 1358 ipsaposset
958 1294 1020 1341 erint
1033 1305 1134 1357 pressus
1148 1290 1209 1355 inei,
1225 1287 1254 1344 id
1268 1291 1311 1343 est
1326 1289 1403 1344 bona
1423 1305 1512 1361 opera
1525 1307 1611 1359 mea,
1624 1292 1731 1365 quibam
1748 1292 1781 1349 ad

106 1386 280 1461 prosperari.
297 1384 339 1438 nb
360 1379 526 1451 hujusmodi
541 1394 609 1432 vero
634 1393 732 1432 errore
758 1373 912 1446 ilcigratia
961 1377 1051 1431 ileum
1065 1376 1176 1443 incedo,
1193 1376 1273 1447 quasi
1286 1377 1458 1449 quibusdam
1479 1378 1635 1450 gressibus
1655 1382 1781 1453 pened-

107 1463 911 1549 opitulantctandemcxempta‚malorumprosperitatem
961 1463 1024 1525 lusa
1038 1468 1115 1532 sunt,
1132 1465 1215 1520 idest
1236 1465 1382 1521 exinanita
1397 1470 1426 1521 et
1447 1465 1477 1521 in
1494 1467 1618 1523 irritum
1638 1468 1781 1525 deducta:

106 1564 241 1637 coguovit
256 1562 374 1616 tendere
394 1558 430 1613 ad
445 1574 546 1612 eorum
562 1553 804 1610 destructionem:
819 1553 913 1608 bono·
962 1551 997 1606 ad
1014 1551 1234 1608 similitudinem
1248 1554 1367 1627 alicujus
1379 1554 1509 1627 liquoris,
1525 1555 1591 1630 qui,
1612 1556 1651 1613 de
1664 1574 1732 1615 vase
1743 1558 1781 1615 01.

106 1671 171 1710 rum
187 1669 255 1707 vere
264 1649 467 1705 adversitatem
478 1647 514 1700 ad
531 1641 917 1720 ipsorumsalvationemAEt
963 1642 1050 1708 lusus,
1082 1640 1111 1697 in
1128 1641 1241 1697 irritum
1271 1642 1432 1699 deducitur.
1449 1643 1478 1700 Si
1508 1645 1594 1701 anim
1611 1646 1780 1705 abeoratio

105 1745 145 1800 sic
160 1742 266 1799 amodo
281 1756 339 1795 non
351 1737 491 1808 displicet,
503 1735 562 1790 imo
575 1735 668 1807 placet
678 1731 730 1804 ipsi
746 1730 911 1785 adversitas.
928 1728 1029 1787 Bmea
1043 1733 1216 1798 motaesset,
1235 1731 1334 1787 omnia
1350 1732 1649 1805 boneoperameaad
1660 1735 1780 1793 nihilum

107 1835 143 1890 Ut
154 1832 242 1905 igitur
256 1831 348 1885 bonos
361 1827 396 1882 ab
410 1842 507 1880 erroro
518 1820 753 1893 etindignetione
773 1820 912 1887 retrahat,
962 1819 1079 1874 redacta
1101 1819 1275 1874 viderentur.
1315 1821 1398 1876 Juxta
1427 1821 1507 1894 quod
1532 1822 1671 1880 Ezechiel
1691 1825 1780 1882 dicicg

105 1924 134 1978 et
154 1924 244 1978 Deum
257 1935 315 1973 non
327 1917 356 1971 in
373 1913 496 1970 terrenis
507 1913 557 1967 sed
573 1911 602 1966 in
616 1909 700 1966 bonis
723 1908 839 1963 aeternis
852 1925 913 1963 esse
962 1924 978 1958 v
994 1906 1022 1960 Si
1038 1906 1173 1961 averterit
1189 1908 1315 1978 sejustus
1331 1927 1347 1964 a
1354 1909 1465 1979 justitia
1477 1928 1541 1975 sua,
1553 1912 1780 1985 omniumjusti·

104 2009 282 2067 laudandum
294 2004 436 2069 ostendet,
452 2003 481 2057 in
495 2001 545 2057 Dei
560 2000 676 2055 laudem
691 1997 796 2071 erupit,
816 1999 912 2052 osten·
962 1994 1067 2050 tiarum
1082 1995 1142 2066 ejus
1158 2013 1216 2051 non
1242 1997 1419 2053 recordabor
1433 1998 1542 2071 (Esset.
1561 2018 1605 2070 m,
1625 2004 1683 2073 18).
1701 2021 1718 2056 s
1731 2003 1783 2059 Ad.

106 2100 249 2155 denseum
260 2111 321 2151 csse
331 2094 440 2148 bonum
452 2091 541 2146 etium
552 2090 580 2144 in
591 2087 747 2144 afflictione
756 2087 910 2141 bonorum.
959 2083 1057 2155 jungit
1072 2088 1168 2138 autem
1184 2100 1297 2139 eausam
1316 2103 1407 2158 quare
1433 2103 1507 2158 pene
1521 2090 1599 2146 moti
1612 2095 1685 2147 sunt
1699 2092 1783 2165 pedes

105 2183 315 2257 Redarguendo
341 2197 455 2254 quoque
475 2196 504 2234 se
531 2176 656 2234 ostendit
671 2191 799 2230 errasse:
816 2178 843 2227 et
857 2190 914 2244 qua
963 2173 1024 2243 ejus
1040 2175 1068 2228 et
1081 2190 1204 2244 gressus,
1235 2173 1293 2228 sic:
1310 2174 1376 2230 ideo
1399 2175 1506 2233 scilicet
1524 2194 1605 2249 pena
1626 2179 1706 2236 moti
1721 2184 1784 2237 ‚unt

106 2277 141 2333 de
154 2291 239 2332 causa
255 2270 404 2333 erraverit,
434 2268 540 2322 scilicet
569 2262 915 2336 contuituimpietatiset
964 2261 1061 2332 pedes,
1074 2263 1137 2332 quic
1152 2261 1244 2329 zebei,
1274 2261 1360 2317 idest
1375 2263 1542 2337 indignatus
1557 2284 1637 2335 sum,
1655 2269 1785 2327 conside.

106 2357 473 2425 malitioecorum‚scilicet
494 2354 764 2425 impiorum,quam
779 2349 914 2422 multipli-
963 2349 1054 2419 raudo
1071 2349 1190 2403 rationis
1228 2350 1334 2405 intuitu
1360 2369 1446 2424 super
1470 2352 1598 2427 iniquos.
1616 2357 1654 2411 Et
1666 2356 1783 2431 exponit

106 2453 177 2508 citer
193 2448 412 2512 demonstrant3
430 2439 914 2515 dequorumetiamagitconsota-
963 2437 1040 2491 unde
1056 2437 1156 2493 zelavit
1172 2454 1251 2510 saper
1280 2440 1392 2512 iniquos,
1422 2441 1558 2499 addendo
1588 2445 1631 2500 sie
1651 2445 1781 2503 sedicet:

105 2539 184 2596 tione
198 2539 306 2593 futura.
321 2529 781 2603 Tractatinsuperadexemplum
791 2527 914 2582 aliorum
964 2525 1050 2580 zelavi
1067 2526 1157 2580 ridens
1166 2542 1261 2598 pacem
1270 2536 1451 2600 peccatorum,
1468 2530 1556 2586 idest
1571 2532 1608 2589 de
1621 2534 1685 2591 hoc
1708 2535 1779 2592 indi.

105 2630 141 2685 de
170 2627 212 2683 sui
242 2622 346 2681 erroris
380 2619 617 2685 commutatione,
634 2620 661 2671 et
682 2617 724 2671 sui
740 2632 809 2686 erga
825 2617 915 2671 Derim
964 2617 1069 2685 gnatus
1084 2632 1157 2681 sum,
1171 2615 1248 2687 quia,
1267 2616 1476 2674 considerando
1492 2618 1571 2690 ipsos
1593 2620 1728 2694 iniquos,
1742 2624 1780 2681 vi-

105 2715 296 2788 subjectione:
310 2710 433 2767 dicende
443 2726 471 2763 se
486 2704 823 2769 Deoamodoadha‘rere,
838 2704 867 2757 in
882 2720 916 2758 ee
966 2703 1070 2758 debam
1084 2719 1133 2757 eos
1148 2704 1254 2759 habere
1264 2703 1351 2759 vitam
1364 2705 1512 2776 pacificam
1535 2712 1567 2763 et
1581 2708 1779 2782 imperturba.

106 2822 186 2879 spem
202 2803 319 2859 hahere.
336 2801 376 2855 lle
389 2797 470 2853 titulo
486 2795 603 2868 quidem
621 2794 703 2865 juxta
726 2792 916 2863 Augustinum
966 2793 1037 2857 tam,
1053 2807 1118 2846 cum
1140 2795 1304 2863 peccatores
1317 2796 1412 2848 essent
1421 2798 1450 2850 et
1464 2794 1544 2867 digni
1560 2800 1777 2870 pertubatione.

105 2894 144 2950 sic
173 2893 277 2965 agitur.
301 2888 329 2944 Si
349 2904 415 2942 vero
439 2885 475 2940 ad
502 2881 670 2954 Hieronymi
684 2880 856 2936 sententiam
871 2897 915 2934 re·
965 2879 1054 2949 Super
1068 2882 1170 2952 iru‘quos
1186 2880 1497 2949 dicit,asimilitudine
1520 2883 1780 2960 illiusqui‚inalro

106 2998 265 3047 curramus,
283 2977 382 3033 titulus
398 2975 484 3045 hujus
504 2973 607 3046 psalmi
619 2969 917 3026 solummodoessevi-
965 2968 1027 3021 loco
1040 2968 1221 3035 consistens,
1239 2985 1325 3042 super
1347 2970 1497 3027 interiores
1522 2973 1641 3046 aspicit.
1665 2977 1783 3035 Accedit

106 3075 191 3129 detur
200 3071 320 3144 psalmus
335 3067 437 3137 Asopi.
453 3064 528 3119 istud
540 3064 627 3135 igitur
639 3061 715 3133 quod
725 3060 913 3132 preponitur,
964 3072 1031 3111 vcro
1047 3056 1083 3111 ad
1096 3058 1150 3111 lioe
1165 3060 1197 3111 ut
1216 3058 1306 3112 solvat
1332 3060 1436 3131 quade
1451 3076 1536 3116 eausa
1560 3078 1619 3134 pax
1634 3065 1674 3120 sit
1687 3082 1783 3139 pecea-

106 3162 211 3217 srilicct
224 3157 392 3213 deiecerunt
405 3153 504 3208 laudes
520 3150 608 3206 David
624 3149 769 3214 tiliiJesse,
787 3147 913 3201 affirmat
964 3145 1072 3200 toribus
1098 3145 1176 3213 data,
1198 3145 1236 3200 sic
1257 3163 1263 3200 :
1289 3147 1357 3202 Dico
1374 3148 1465 3217 zelotir',
1483 3166 1582 3221 pacem
1605 3161 1781 3224 peccam.

105 3251 206 3306 bratus
230 3247 421 3314 Hieronymus
448 3240 525 3311 apud
547 3238 682 3292 Hebraeos
696 3236 812 3305 hujusce
837 3235 912 3291 tituli
962 3234 1060 3288 ciricus.
1091 3233 1190 3288 Peeeur
1212 3234 1275 3290 dico
1291 3235 1356 3291 ideo
1372 3236 1668 3314 datamalleo,qus‘e
1684 3250 1782 3299 nonest

106 3351 290 3409 nequaquam
301 3348 360 3385 esse
374 3332 497 3402 partem,
514 3325 744 3380 sedseutcntiam
754 3324 790 3378 ad
809 3340 912 3396 proeee-
960 3327 1089 3393 respective
1104 3322 1153 3378 [lei
1167 3326 1249 3378 morti
1274 3341 1375 3393 eorum,
1392 3326 1421 3381 id
1440 3330 1483 3381 est
1497 3326 1563 3384 ideo
1588 3332 1729 3388 concedit
1744 3332 1782 3389 εἰ,

106 3426 223 3480 dentem
233 3422 376 3492 psalmum
386 3415 608 3487 spectantemab
616 3412 912 3482 Esdraeompetenter
962 3410 1036 3464 Deus
1053 3427 1151 3482 pacem
1168 3412 1196 3465 in
1220 3411 1317 3466 futuro
1331 3413 1411 3467 valde
1439 3413 1621 3486 nocituram
1638 3419 1781 3491 quianon

106 3511 277 3585 appositam.
301 3505 491 3562 Considerans
511 3503 590 3557 eninr
620 3501 732 3567 Esdras,
762 3499 911 3554 titulorum
961 3497 1077 3568 respicit
1096 3498 1402 3568 admortemcorum,
1434 3505 1639 3576 quaeprehae
1656 3509 1782 3578 paceeie

106 3592 509 3673 eurupositor,inprrneedcnti
525 3588 794 3664 psalmoneqotium
810 3588 914 3643 adven·
962 3585 1121 3657 continget,
1139 3588 1170 3639 ut
1196 3601 1245 3640 cos
1260 3585 1328 3641 inde
1343 3588 1501 3645 clementer
1516 3590 1636 3665 eripiat.
1651 3594 1683 3650 Si
1702 3596 1781 3653 enim

104 3693 151 3745 tus
160 3693 188 3744 et
203 3685 285 3757 regni
297 3681 399 3738 Christi
413 3679 565 3743 contineri,
581 3678 610 3732 in
622 3677 701 3747 cujus
712 3681 843 3747 tempore
853 3677 913 3731 lau·
963 3693 1012 3730 eos
1025 3675 1091 3729 inde
1105 3675 1216 3747 eripere
1233 3677 1328 3745 vellet,
1346 3695 1404 3734 non
1418 3679 1458 3734 eis
1471 3680 1571 3753 utique
1583 3698 1707 3754 pacem,
1722 3686 1781 3741 imo

106 3780 155 3835 des
177 3774 284 3831 ludaici
313 3770 411 3845 populi
438 3768 583 3834 deficient,
601 3783 673 3838 quas
703 3782 755 3837 pro
783 3765 913 3820 contuitu
963 3764 1165 3819 adversitatem
1183 3765 1368 3821 concederet.
1397 3766 1781 3839 Etnonastiirmamentm

106 3867 231 3933 agebant
241 3866 435 3923 terrenorum,
448 3856 484 3911 ad
495 3855 717 3909 instructionem
742 3852 914 3923 intempore
964 3853 1013 3909 llei
1028 3855 1054 3906 in
1065 3853 1148 3924 pinpo
1162 3871 1263 3922 comesu,
1280 3852 1367 3910 idest
1385 3855 1415 3910 in
1439 3854 1479 3911 eis
1506 3857 1637 3929 plagatis
1664 3862 1781 3917 vulne„

106 3932 460 4009 Cirristiiuturorumhanc
473 3941 809 4012 sententiamadjuuxit3
826 3957 914 4012 quam
963 3944 1156 4011 peccatorum.
1175 3940 1258 4005 Quod
1283 3946 1325 3997 est
1348 3943 1444 4000 dicere
1457 3961 1463 3998 :
1477 3945 1512 4000 Et
1523 3945 1590 4002 ideo
1606 3964 1716 4020 pacem
1743 3950 1782 4007 οἱ,

105 4040 241 4112 sicponit
264 4054 296 4092 ac
323 4036 345 4089 si
366 4051 427 4104 Jam
459 4049 507 4086 rex
535 4031 707 4094 advenisset,
732 4046 796 4100 qum
823 4028 914 4082 sicad
964 4027 1105 4096 coricedit,
1121 4028 1255 4100 quianon
1269 4032 1350 4084 curat
1364 4030 1538 4087 contlrmare
1551 4030 1782 4093 insanitataaos

106 4117 763 4203 psalmumrefertur:0uandoquidcmrexille,
775 4116 872 4188 dequo
883 4117 913 4170 in
962 4116 1115 4187 plagatos3
1132 4132 1199 4172 narn
1222 4116 1244 4171 si
1260 4134 1308 4173 eos
1323 4118 1494 4174 adversitate
1517 4120 1692 4194 castigaret,
1707 4123 1781 4197 ipsos

105 4208 423 4289 hoepsalmosuperiori
432 4210 528 4261 actum
540 4209 591 4271 est,
602 4203 744 4266 adveniet,
756 4205 874 4276 quitatis
885 4208 913 4260 et
963 4202 1061 4273 utique
1076 4204 1215 4275 plagatos,
1227 4220 1278 4275 per
1293 4205 1347 4261 hoc
1362 4205 1392 4260 in
1408 4205 1531 4262 sanitate
1539 4206 1693 4268 firmaret,

105 4305 169 4360 talis
184 4307 225 4358 est
235 4301 302 4357 utin
312 4299 366 4354 hoe
375 4297 485 4368 psalmo
497 4296 539 4348 cst
550 4291 951 4360 ostensum,dofieienllau·D
997 4291 1031 4344 Et
1044 4292 1148 4347 merito
1168 4298 1269 4346 raonest
1294 4293 1491 4361 fimnoruentum
1516 4296 1546 4348 in
1564 4296 1656 4369 pleon
1681 4318 1780 4369 eonon,

107 4381 700 4449 desDavidfitiiJcssc,scilicetlaudesactea
712 4382 912 4454 Deonpopulo
962 4377 1034 4434 Nam
1050 4383 1077 4433 in
1103 4380 1190 4434 lubere
1215 4382 1351 4436 henricum
1374 4391 1508 4452 consuat,
1536 4384 1567 4440 id
1577 4390 1626 4442 est
1641 4405 1704 4446 non
1718 4394 1784 4447 sunt

106 4482 189 4538 lsrael
206 4477 333 4534 contuitu
353 4471 560 4545 temporalium
591 4469 672 4533 Quod
682 4472 725 4523 est
743 4469 838 4524 dicere
849 4471 913 4525 :ille
962 4469 1116 4541 participes
1131 4469 1238 4525 laboris
1252 4470 1416 4538 hominum,
1438 4470 1568 4528 ildclium
1593 4475 1720 4545 scilicet,
1736 4496 1782 4535 ra-

106 4588 154 4627 rex
169 4569 287 4623 iustraet
310 4581 374 4619 suos
396 4565 486 4618 Deum
507 4575 566 4614 non
586 4574 646 4612 esse
669 4558 846 4612 laudandum
859 4577 912 4631 pro
962 4557 1138 4613 tionahiliter
1159 4574 1189 4612 se
1214 4557 1395 4626 habentium,
1410 4558 1447 4614 ad
1463 4560 1586 4616 modum
1607 4564 1781 4623 hominum,

106 4654 323 4727 temporalibus,
349 4649 398 4705 sed
412 4665 466 4720 pro
489 4645 614 4702 eternis
632 4645 686 4699 Has
706 4649 801 4699 autem
815 4646 912 4701 laudes
962 4645 1044 4711 Quod
1062 4648 1104 4700 est
1116 4646 1226 4700 dicere·
1240 4646 1440 4719 Negliguntad
1456 4651 1567 4705 aeterna
1589 4651 1677 4711 bona
1688 4656 1782 4730 adipi·

107 4745 242 4804 deiecisse
255 4740 349 4798 innuit
357 4738 476 4810 paulinus
492 4736 584 4806 Asopi
611 4733 658 4805 qui
672 4734 912 4806 sequiturreujus
961 4736 1067 4791 secuda
1081 4736 1213 4789 laborare
1226 4735 1263 4790 ad
1275 4751 1338 4808 qum
1366 4734 1465 4792 ildelcs
1479 4738 1632 4797 laborant.
1661 4742 1779 4801 Erideo

106 4835 228 4893 intentio
253 4847 319 4888 cum
337 4825 490 4899 superioris
513 4822 587 4878 tituli
604 4821 780 4894 expositione
799 4826 913 4879 ostensa
961 4843 1021 4880 cum
1033 4824 1187 4879 homiuibus
1199 4840 1253 4877 uon
1270 4823 1490 4894 flcpeIlutuntur,
1506 4826 1537 4880 id
1553 4831 1598 4883 est
1615 4847 1688 4888 eum
1709 4834 1779 4890 ilde·

107 4929 159 4982 ⁰⁵1·
961 4914 1034 4968 libus
1049 4930 1108 4967 non
1124 4912 1339 4983 castigabuntur
1350 4914 1719 4986 ilagellistribulationum.
1732 4924 1779 4979 Vel

142 5014 233 5078 Quam
249 5010 329 5064 tontis
342 5003 426 5060 [siuet
438 5002 511 5056 Deus
523 5002 562 5054 liis
572 5016 617 5071 qiu
646 5007 714 5052 recto
740 5005 801 5051 steret
825 5000 910 5057 eorde.
961 5002 1044 5058 aliter
1054 5001 1155 5056 melius
1164 5001 1192 5056 hi
1203 5018 1299 5056 versus
1311 5002 1601 5073 leguntur„utadl1uc
1612 5008 1708 5067 addat
1717 5028 1780 5067 cau·

106 5105 138 5158 ln
160 5100 297 5156 liebriaca
321 5092 509 5149 translatione
537 5089 659 5143 habetur
676 5103 681 5140 :
698 5093 911 5160 uttrrrrrenqurun
960 5108 1005 5146 sas
1024 5108 1112 5162 quare
1125 5089 1233 5155 zelavit,
1248 5090 1351 5144 sic:Et
1375 5090 1439 5146 ideo
1458 5092 1544 5149 zelam·
1576 5100 1649 5168 quia
1677 5108 1779 5156 ,φησι

109 5184 441 5247 coniulsreetneucetc.
464 5180 503 5232 Ac
518 5177 539 5231 si
556 5175 728 5229 dicat:Cum
757 5179 911 5233 suosllcus
961 5186 1088 5249 respectio·
1103 5177 1151 5232 Ilei
1166 5180 1247 5230 retorti
1263 5194 1363 5246 eorurn,
1393 5177 1423 5233 id
1446 5183 1636 5253 estpeceatis
1665 5204 1776 5256 eorum,

108 5278 196 5347 elilim
218 5272 377 5345 permittat,
404 5267 552 5336 malosque
573 5263 910 5335 prosperari,aquibus·
961 5283 1024 5337 quae
1053 5265 1186 5320 dicuntur
1211 5282 1299 5332 mors,
1316 5282 1350 5320 eo
1385 5267 1462 5339 quod
1479 5283 1565 5325 causa
1587 5273 1652 5329 sint
1666 5277 1776 5333 mortis.

109 5368 174 5422 darn
191 5381 249 5417 non
263 5361 339 5414 recte
356 5352 612 5415 considerantibus,
626 5367 684 5406 non
708 5353 800 5406 bonus
813 5353 841 5407 iu
857 5354 911 5408 hoc
962 5354 1044 5417 Oued
1057 5353 1219 5418 caldicere;
1238 5354 1396 5408 ldeozelavi
1412 5354 1480 5426 quia
1491 5357 1567 5412 Deus
1583 5375 1650 5416 non
1662 5364 1778 5438 respicit

110 5437 209 5522 274
220 5465 279 5503 0⁸³⁰
289 5443 462 5500 dffssssfflilssr·
478 5443 612 5494 Attamen
625 5439 695 5509 ipse,
709 5439 756 5511 qui
771 5442 844 5496 ilaus
866 5459 913 5514 ap·
962 5447 1078 5514 peccata
1101 5458 1202 5497 eorum
1218 5441 1293 5496 utin
1317 5442 1451 5512 praesenti
1482 5442 1651 5515 ulciscatur,
1668 5454 1699 5506 ct
1712 5453 1777 5526 quia

112 5540 194 5595 daret
210 5530 406 5603 omnibusqui
422 5530 489 5586 sunt
510 5528 606 5600 lsrael,
622 5527 837 5601 quibuscunque
855 5547 913 5586 non
963 5548 1015 5587 non
1034 5538 1070 5588 est
1084 5531 1281 5600 firmurmntum
1311 5531 1338 5586 tn
1344 5530 1429 5605 pinpo
1444 5548 1545 5591 eorum.
1563 5532 1654 5602 Quod
1668 5543 1713 5597 est
1736 5540 1777 5597 αἱ.
