3772 5976
111 267 160 336 te'r
899 270 989 341 scit
1723 279 1776 347 lea

109 401 181 458 dum
196 402 276 471 dicit,
291 402 550 477 Victorempapam
560 403 663 476 spiritu
676 405 845 477 prophetico
855 405 955 469 iun-A
968 405 1123 462 anastasim
1141 405 1327 477 praeteriisset
1347 405 1506 462 monachus
1525 378 1648 479 ille,qui
1664 408 1772 479 passim
1858 446 1861 452 ·

109 490 260 547 dationem
282 492 393 548 ordinis
409 493 476 566 (qua
497 493 533 548 de
555 510 586 548 re
603 493 672 566 quid
695 494 740 562 sit,
761 495 837 550 infra
851 511 917 550 exa·
968 498 1114 550 memorat
1128 495 1252 550 incertos
1264 511 1362 550 rarum
1378 494 1511 561 exitus,et
1524 494 1553 549 in
1568 495 1711 567 plerisque
1724 496 1775 551 lio-

109 579 280 652 minabitur)
307 581 479 651 previdisse,
501 581 536 636 de
558 582 638 654 cujus
659 581 767 637 visione
790 583 918 639 dicemus
968 583 1258 655 minibusancipitem
1273 584 1338 639 vitm
1348 584 1507 651 fortunam,
1517 587 1629 654 spectra
1642 588 1671 638 et
1684 584 1713 638 id
1727 600 1775 655 ge-

108 685 187 724 anno
206 671 286 725 loco.
303 670 350 724 llis
362 670 496 726 Gaulredi
507 671 600 726 verbis
613 671 683 743 tjam
702 671 833 742 proxime
844 671 916 728 reci·
968 689 1020 726 nus
1035 672 1245 744 prodigiorum.
1259 672 1387 745 »Accipe
1399 672 1497 741 modo,
1514 671 1584 744 quid
1599 671 1636 727 ad
1651 672 1712 727 haec
1726 689 1772 728 re-

109 756 186 830 latis]
200 759 512 831 subjungitLaunoius:
523 760 590 814 «llic
602 759 784 815 dedamnato
799 760 916 817 doctore
966 764 1057 832 ponat
1078 761 1283 816 Carthasianus
1304 765 1402 816 noster
1421 777 1593 833 anonymus.
1616 760 1661 816 Sic
1676 761 1772 833 itaque

108 850 167 902 »et
191 848 331 904 canonico
361 849 497 921 loquendi
524 850 603 904 locus
628 852 691 904 erat
712 850 915 922 amplissimus,
967 849 1241 906 Annaliumordinis
1258 850 1664 919 suilib.1v,num.ll6habet:
1681 850 1773 905 «llaec

109 954 125 988 e
141 935 301 992 Gaulredus
317 938 415 1006 tacuit,
431 939 498 1011 quia
516 941 585 993 tunc
600 938 673 994 illud
687 939 770 995 otiosi
783 939 916 996 homiues
965 939 1066 1010 (verba
1078 938 1351 994 videlicetmonachi
1361 937 1773 995 AutissiodorensiseLaunaio

109 1041 126 1076 e
141 1023 274 1079 nondum
290 1024 487 1081 invexerant.»
967 1027 1098 1099 proxime
1113 1028 1168 1082 huc
1178 1027 1359 1098 transcripta)
1377 1027 1423 1082 ille
1439 1042 1601 1098 anonymus
1614 1027 1689 1098 apud
1704 1027 1776 1081 Lau-

148 1113 210 1167 304.
224 1112 307 1168 «Sed
321 1114 471 1185 illudjam,
487 1115 673 1187 nonquidem
686 1115 918 1185 invexerant,sed
968 1115 1079 1180 unium,
1096 1115 1155 1187 qui,
1173 1115 1332 1182 utridctur,
1354 1115 1415 1169 haec
1435 1114 1534 1170 omnia
1555 1131 1589 1168 ex
1602 1114 1665 1168 Vita
1685 1117 1775 1168 sancti

109 1204 221 1275 prouta
231 1202 286 1257 fide
300 1202 395 1274 dignis
410 1204 462 1258 sibi
474 1204 568 1259 luerat
580 1206 919 1276 relatum,scriptismau·
968 1204 1118 1274 lingonisa
1130 1204 1259 1275 Guigoue
1270 1203 1348 1258 edita
1363 1204 1519 1273 exscripsit,
1537 1205 1648 1257 mutato
1661 1205 1773 1255 lantum

111 1290 253 1346 daverant
267 1308 432 1363 anonymus
447 1296 545 1347 noster
560 1294 768 1349 Carthusiensis
781 1297 811 1349 et
825 1294 917 1350 Caesa·
968 1292 1122 1347 uerborum
1153 1292 1265 1357 ordine,
1305 1292 1386 1363 cujus
1415 1295 1570 1363 propterea
1604 1290 1771 1345 testimonio

108 1379 172 1434 rius
180 1380 792 1456 EisterbacensisGaulredicoaetanei.Neque
800 1385 917 1452 mirum,
969 1381 1071 1435 eadem
1082 1381 1265 1452 opponimus,
1275 1398 1339 1452 quas
1348 1380 1459 1451 superis
1470 1379 1605 1450 Guigoms
1618 1378 1774 1433 testrnonio

109 1469 133 1524 si
144 1468 303 1524 Gauiredus
315 1470 386 1525 illud
402 1471 535 1537 tacuerit,
556 1489 621 1527 cum
634 1475 663 1527 et
678 1473 738 1529 fere
750 1474 806 1528 alia
819 1474 918 1529 omnia
970 1469 1027 1540 (adi
1036 1486 1116 1524 num.
1127 1472 1178 1525 263
1193 1471 1411 1541 alsequentem]
1421 1469 1618 1541 opposuimus.
1631 1469 1775 1523 Praeterea

110 1556 148 1612 de
163 1560 262 1613 sancto
274 1560 409 1614 Brunone
427 1563 456 1614 et
470 1559 572 1614 ordine
592 1560 714 1617 dicenda
726 1562 858 1629 tacuerit,
870 1561 919 1634 qui
969 1557 1038 1627 quid
1054 1556 1189 1629 ponderis
1202 1557 1308 1612 habeat
1319 1557 1473 1612 auctoritas
1487 1557 1630 1627 negativa,
1644 1555 1776 1628 judicent

109 1645 202 1701 etiam
215 1647 377 1715 historiam,
386 1648 449 1719 jam
465 1649 500 1703 ab
515 1649 598 1704 anius
608 1653 725 1704 centurn
739 1654 768 1704 et
782 1651 856 1704 ultra
872 1666 919 1721 pe-
968 1644 1020 1699 viri
1032 1646 1279 1702 docti.ldouachus
1288 1646 1543 1702 Autissiodorensis
1554 1645 1625 1700 nihil
1636 1645 1724 1699 hahet
1739 1645 1788 1699 de.

109 1737 234 1803 rectam,
251 1737 388 1808 cujusque
414 1737 557 1791 memoria
571 1740 640 1791 tunc
662 1738 738 1808 apud
752 1738 827 1792 solos
843 1754 918 1808 pene
932 1722 1141 1804 Bspectaculo,
1153 1751 1222 1806 ergo
1238 1735 1343 1790 falsum
1355 1739 1398 1790 est
1409 1735 1615 1806 spectaculum.
1632 1732 1661 1788 Si
1676 1733 1775 1788 liceret

110 1821 451 1879 Carthusieusesservata
472 1824 577 1891 luerat,
604 1826 742 1896 ignorare
761 1829 885 1894 poterat.
901 1846 917 1878 »
968 1823 1008 1877 ita
1035 1824 1245 1894 argumentari,
1272 1823 1340 1894 ipsa
1355 1823 1444 1878 etiam
1458 1825 1577 1877 ruerent
1601 1821 1774 1891 evangelicae

110 1908 231 1975 Quodsi
246 1912 366 1967 historia
382 1912 431 1967 illa
450 1913 563 1983 publice
580 1913 690 1984 ingenti
706 1913 858 1968 horniuum
873 1931 917 1969 as-
968 1910 1239 1983 veritates,quarum
1251 1910 1387 1967 multoein
1397 1908 1772 1965 solanitunturtraditionc.

109 2002 191 2054 tante
207 1999 401 2068 multitudine,
418 2000 564 2065 acciderit,
582 2002 661 2056 nulla
683 2002 795 2056 ratione
813 2002 918 2057 verosi·
968 1997 1024 2053 Sed
1037 2004 1109 2067 esto,
1124 2000 1202 2072 qued
1217 2000 1378 2055 monachus
1394 1998 1440 2053 ille
1452 1997 1581 2069 «passim
1596 2001 1772 2051 memorat.»

109 2087 181 2142 mile
193 2090 324 2159 apparet,
342 2088 403 2158 ejus
417 2089 590 2144 memoriam
607 2091 691 2144 aetate
706 2089 850 2156 Gaulredi,
867 2091 916 2163 qui
967 2089 998 2141 ut
1011 2088 1111 2143 asserit
1124 2087 1277 2154 Lauuoius,
1298 2088 1447 2143 «incertos
1469 2103 1568 2141 rerum
1581 2085 1681 2152 exitus,
1699 2089 1728 2140 et
1742 2085 1772 2140 in

107 2178 227 2230 centum
243 2176 386 2244 nondum,
401 2176 461 2231 imo
477 2178 596 2233 fortene
606 2178 753 2248 sexaginta
768 2177 917 2248 quidem,a
967 2176 1133 2248 »plerisque
1153 2176 1320 2231 hominihus
1346 2175 1502 2246 ancipitem
1522 2173 1585 2228 vitas
1612 2173 1772 2242 fortunam,

108 2264 267 2319 Bruuoms»
275 2265 357 2320 obitu
364 2264 467 2337 elapsis
475 2265 916 2337 annislloruit,apudsolospeue
966 2283 983 2317 »
993 2264 1275 2335 spectraetidgenus
1289 2263 1519 2335 prodigiorum»
1527 2261 1660 2333 nunquid
1671 2279 1773 2317 omnes

107 2351 324 2407 Carthusienses
336 2353 519 2424 superfuisse.
532 2354 599 2418 Quis
610 2354 795 2424 ergolactum
805 2354 914 2422 credat,
965 2353 1166 2420 memorat,vel
1176 2352 1518 2407 inomnibushomiuibus
1528 2350 1773 2416 aremoratlQuod

107 2445 140 2496 ut
154 2441 334 2495 horrendum
351 2441 515 2512 prodigium
532 2443 682 2512 ignorarit,
709 2442 833 2514 ideoque
854 2444 915 2513 eJ'us
965 2442 1043 2495 certe
1050 2457 1188 2506 asserere,
1196 2438 1771 2511 rideturtemerarium.Quosdarnigitur,

106 2544 169 2582 rra
185 2546 242 2587 rna,
269 2529 354 2584 inerit
367 2529 540 2584 Gaufredus?
555 2533 692 2585 Attamen
708 2547 774 2585 cum
790 2530 835 2584 hic
846 2530 914 2585 scri·
965 2529 1025 2583 imo
1041 2532 1070 2583 et
1082 2529 1242 2599 permultos
1252 2544 1349 2582 rernm
1364 2528 1454 2583 exitus
1465 2527 1571 2594 omisit,
1585 2528 1700 2583 etinter
1710 2529 1773 2584 illos

106 2618 915 2690 ptor,utrecteetiamobservatCarthusianusanonymus
965 2617 1041 2672 istud
1056 2617 1223 2689 prodigium
1239 2616 1375 2672 omittere
1388 2616 1492 2689 potuit,
1505 2615 1577 2670 sicut
1591 2619 1622 2671 et
1635 2619 1692 2671 tres
1705 2635 1770 2673 sau-

106 2705 234 2759 alialere
251 2706 351 2760 omnia
367 2706 404 2760 ad
423 2707 588 2760 llruuonem
609 2706 769 2777 spectantia
786 2706 913 2775 omittat,
965 2705 1003 2760 cti
1019 2705 1201 2778 evangelistae
1216 2705 1358 2776 piscinam
1377 2704 1558 2776 probaticam
1575 2704 1662 2760 nimis
1676 2706 1770 2761 admi·

107 2809 163 2848 nec
178 2794 235 2848 ullo
249 2811 283 2848 ex
298 2794 391 2865 capite
403 2794 560 2849 parisiense
576 2794 789 2866 prodigium,ul
802 2798 833 2849 ut
849 2811 914 2866 per·
965 2792 1098 2859 rendam,
1117 2796 1146 2847 et
1162 2792 1259 2847 Lazari
1275 2792 1492 2848 suscitationem
1505 2792 1680 2865 stupendam
1695 2793 1769 2848 omi-

105 2884 238 2954 spectum
250 2883 490 2953 exploratumque
509 2882 538 2936 id
551 2882 707 2949 habuisset,
724 2898 817 2953 pauca
828 2882 915 2951 inter,
965 2885 1072 2936 serant.

107 2987 173 3042 quae
184 2970 220 3025 de
226 2974 325 3025 sancto
335 2971 720 3037 tradit,commemoraturus
728 2970 812 3025 luisse
824 2970 917 3026 videa·
927 3011 950 3070 C
1002 2972 1063 3025 ³06.
1076 2970 1244 3025 «Postremo
1255 2970 1414 3026 monachus
1424 2969 1768 3042 innuthabettaunuins,

106 3062 166 3126 tur,
182 3062 388 3130 argumentum
400 3075 479 3124 sene,
495 3059 641 3129 quodejus
652 3060 797 3114 silentium
812 3078 915 3134 suppe·
967 3057 1296 3113 [loruitsublnnocentio
1306 3059 1769 3132 lll,summap0ntissce,quotom-

107 3146 192 3214 ditat,
208 3147 366 3202 admodum
379 3147 664 3219 infirmumapperet.
680 3149 797 3217 Verum,
814 3149 916 3220 quibus
967 3162 1035 3218 pore
1046 3150 1143 3201 noster
1155 3162 1318 3218 anonymus
1328 3147 1537 3203 Cartlrusiensis
1553 3147 1665 3219 (videsis
1685 3149 1769 3219 hujus

106 3234 240 3290 nonnihil
263 3237 326 3307 plus
349 3235 461 3290 roboris
481 3234 573 3289 inesse
586 3235 706 3302 videtur,
720 3250 797 3294 nunc
811 3237 913 3293 subdo.
966 3235 1253 3290 testimoniumnnm.
1265 3239 1314 3292 lea
1325 3241 1354 3293 et
1363 3254 1437 3309 seq,
1447 3236 1486 3292 uti
1499 3236 1587 3292 etiam
1598 3237 1675 3292 dicta
1686 3254 1767 3292 nuuc

105 3322 261 3378 lonaehus
271 3323 590 3395 Autissiodorensis,qui
606 3324 658 3377 sub
671 3325 760 3379 linem
775 3325 915 3380 saeculixu
969 3327 1000 3379 ¹2
1012 3326 1041 3378 et
1053 3325 1145 3396 seqq.)
1154 3325 1265 3396 primus
1280 3326 1414 3381 omnium
1428 3326 1512 3398 caepit
1527 3328 1600 3381 hauc
1617 3326 1768 3381 historiam

106 3414 138 3466 et
149 3412 232 3467 initio
244 3412 401 3483 sequentis,
413 3415 461 3467 aut
472 3414 560 3478 certe,
572 3413 741 3468 Innocentio
752 3414 787 3468 lll
799 3431 914 3469 summo
965 3413 1077 3485 scriptis
1091 3414 1242 3481 mandare,
1264 3415 1344 3486 cujus
1360 3415 1503 3471 memoria
1518 3416 1593 3487 apud
1613 3415 1689 3471 solos
1708 3416 1769 3471 lere

107 3499 255 3573 pontifice,
272 3500 379 3566 tloruit,
395 3499 471 3570 apud
487 3500 646 3555 Leunoiuin
662 3501 866 3557 dissertatione
879 3501 915 3557 de
965 3500 1189 3569 Cartlrusienses,
1206 3504 1299 3558 adhuc
1312 3504 1452 3574 paulatim
1465 3507 1581 3559 tantum
1597 3505 1770 3576 pallidantcs

108 3605 177 3644 vera
185 3605 271 3644 causa
283 3605 409 3644 secessus
425 3587 454 3655 S,
471 3589 614 3644 Brunouis
632 3589 660 3643 in
674 3605 807 3644 eremum
822 3606 885 3661 cap.
900 3594 910 3645 l
964 3589 1187 3644 custodiebatur.
1206 3591 1286 3645 Unde
1302 3608 1360 3646 non
1377 3593 1496 3658 mirum,
1508 3592 1531 3646 si
1546 3593 1706 3648 monachus
1722 3593 1768 3648 ille

106 3676 147 3733 sic
161 3677 281 3733 scribit:
306 3676 414 3732 «Circa
429 3676 459 3731 id
476 3680 591 3747 tempus
606 3676 634 3731 S.
648 3678 740 3748 llugo,
763 3677 913 3734 Gratiana·
963 3676 1229 3743 Autissiodorensis,
1250 3678 1293 3732 cui
1310 3678 1409 3734 forsan
1430 3697 1495 3734 cum
1517 3679 1769 3735 Carthasiensibus

106 3766 250 3836 politanus
265 3764 425 3837 episcopus,
442 3765 511 3821 vidit
527 3782 579 3837 per
598 3766 744 3821 somnium
765 3766 795 3821 in
813 3767 913 3821 solitu·
964 3765 1043 3819 nulla
1057 3764 1256 3820 intercedebat
1270 3766 1456 3833 consuetude,
1474 3783 1642 3823 veramnon
1658 3767 1769 3822 noterit

107 3852 175 3908 diue
186 3853 343 3909 Carthusiae
358 3855 451 3909 Deum
469 3871 528 3909 suae
540 3854 703 3926 dignationi
717 3854 913 3910 habitaculum
964 3852 1074 3907 ordinis
1089 3853 1243 3924 originem,
1258 3854 1337 3924 cujus
1354 3855 1464 3909 nullam
1481 3858 1636 3925 propterea
1651 3871 1767 3909 causam

106 3945 334 4008 consonantem,
358 3943 454 3997 stellas
468 3942 558 3997 etiam
583 3945 694 4015 septem
711 3942 848 3998 ducatum
861 3941 914 3997 sibi
964 3941 1070 4007 attulit,
1086 3942 1204 3996 sedsolu
1219 3942 1469 4014 rorbaerscripsit,
1486 3959 1550 4014 quae
1558 3943 1587 3997 in
1597 3942 1661 3997 Vita
1677 3942 1768 3997 sancti

105 4032 277 4102 prestantes
292 4030 412 4085 itineris.
436 4032 470 4086 Et
485 4047 562 4098 ecce,
578 4032 736 4086 sanctitatis
748 4032 809 4102 ejus
825 4032 914 4087 odora
965 4030 1092 4100 lingonis
1119 4031 1240 4101 legerat.
1262 4031 1392 4103 Denique
1417 4048 1482 4086 cum
1504 4031 1616 4103 praefati
1644 4031 1791 4089 auctoris.

105 4117 191 4174 tracti
201 4118 238 4174 ad
252 4119 347 4191 ipsum
358 4120 478 4175 veniunt
496 4120 676 4191 septemviri,
686 4121 734 4193 qui
743 4136 845 4176 omnes
855 4136 911 4175 uno
965 4118 1127 4173 chronicon
1137 4119 1224 4173 modo
1235 4135 1293 4173 uon
1302 4119 1459 4174 habeamus
1466 4137 1527 4191 prae
1539 4120 1769 4192 manibus,plura

105 4207 249 4263 desiderio
264 4208 392 4264 succensi
403 4209 499 4264 locum
514 4208 914 4280 eremiticaevitaecongrunm
964 4223 997 4260 ex
1012 4223 1045 4261 co
1064 4210 1166 4261 contra
1195 4207 1353 4262 launoium
1370 4208 1474 4262 elicere
1497 4225 1556 4263 nau
1572 4225 1735 4282 possumus.
1752 4227 1768 4262 s

106 4297 287 4368 quaerebant,
302 4297 725 4368 necdumrepererantllorum
734 4298 844 4370 primus
854 4299 950 4358 ma-D
964 4296 1006 4349 lta
1024 4295 1071 4349 ille
1081 4294 1513 4364 3anautemiuomnibusrectc,
1523 4297 1767 4352 nuncdicendum.

105 4386 196 4456 gister
206 4385 505 4458 Brun0,virreligione
516 4385 680 4458 scentiaque
692 4385 914 4442 lamossissimus
963 4384 1003 4436 Ac
1018 4383 1112 4454 primo
1121 4382 1249 4454 quidam,
1262 4400 1328 4438 cum
1340 4384 1460 4439 dubium
1474 4402 1534 4441 non
1546 4384 1768 4459 appareat,quiu

106 4473 156 4528 alii
171 4475 295 4545 quatuor
306 4473 435 4541 litterati,
449 4474 505 4529 duo
525 4474 600 4543 laici,
616 4491 688 4546 quos
702 4480 817 4530 sanetus
832 4476 913 4547 Hugo
964 4471 1123 4526 monachus
1138 4471 1395 4528 Autissiodorensis
1418 4489 1503 4545 supra
1520 4475 1575 4528 huc
1595 4474 1769 4545 transcripta

105 4564 256 4634 meantes
270 4562 403 4634 suscepit,
411 4566 441 4617 et
451 4562 666 4634 voticompotes
678 4563 912 4634 lecitlpsonarn·
964 4561 1051 4615 verba
1063 4577 1096 4614 cx
1119 4560 1247 4631 lingonis
1271 4560 1530 4633 Gratianopolitani
1551 4563 1677 4636 episcopi
1694 4563 1766 4631 l'ita,

106 4650 914 4722 quaejuvante,cousulcnte,comitante,Carthasiaesolitu·
963 4665 1015 4720 per
1029 4649 1189 4720 Guigonem
1199 4649 1335 4721 quintum
1346 4649 1503 4706 Carthasim
1513 4651 1641 4722 priorem
1651 4653 1766 4724 scripta,

106 4738 208 4794 dinem
220 4739 410 4796 intraverunt.
433 4739 478 4795 Sic
495 4739 582 4812 coepit
596 4741 667 4796 ordo
694 4738 911 4805 carthusiensis,
963 4737 1394 4811 deprompserit,scrratumque
1405 4740 1441 4795 ab
1453 4740 1508 4796 hoc
1520 4739 1550 4795 in
1563 4739 1619 4796 illis
1629 4742 1664 4797 de
1672 4742 1768 4796 docto·

106 4827 185 4882 inter
198 4830 316 4883 ceteros
327 4827 575 4900 ordinespuritate
591 4829 735 4885 mentium
750 4846 783 4883 ac
794 4827 913 4884 theoriae
963 4826 1003 4881 ris
1021 4825 1187 4882 Parisiensis
1214 4828 1339 4883 anastasi
1366 4829 1512 4884 silentium
1539 4829 1618 4886 nulla
1646 4830 1767 4885 omnino

105 4914 202 4971 studio
210 4915 373 4989 singularis.
392 4935 409 4970 s
963 4920 1065 4972 contra
1076 4916 1151 4971 hanc
1163 4916 1219 4988 (adi
1227 4933 1308 4972 num.
1320 4919 1383 4988 265)
1393 4917 1419 4971 vi
1431 4918 1547 4990 polleat,
1558 4919 1767 4974 consectarium

144 5005 206 5059 305.
222 5003 374 5073 hannoiae,
389 5004 449 5078 qui,
464 5007 496 5060 ut
504 5004 570 5077 jam
580 5004 673 5072 innui,
688 5004 718 5060 in
733 5006 850 5061 laudata
864 5021 916 5060 sua
965 5006 1007 5072 lit,
1023 5007 1054 5059 ut
1069 5022 1133 5072 nec,
1150 5005 1228 5078 quod
1246 5006 1276 5061 in
1292 5006 1395 5062 iisdem
1412 5006 1570 5062 monachus
1588 5007 1767 5063 Autissiodo-

107 5090 310 5149 liissertatione
322 5094 408 5148 verba
424 5093 485 5148 haec
501 5093 614 5160 recitat,
633 5093 665 5147 iis
683 5094 786 5149 deinde
800 5094 916 5165 subjun-
964 5095 1055 5150 rensis
1076 5094 1111 5149 de
1135 5094 1238 5151 eadem
1252 5099 1355 5162 servat,
1372 5095 1472 5167 magui
1488 5094 1600 5150 roboris
1614 5097 1659 5152 sit.
1686 5095 1769 5160 Quod

107 5181 168 5253 git:
182 5181 261 5237 «Nou
270 5181 379 5254 magis»
386 5182 463 5253 apud
472 5182 740 5250 bunc,m0nachum
750 5184 916 5254 nempeAn·
964 5199 1031 5238 vero
1045 5183 1170 5255 pertinet
1185 5183 1389 5248 adsilentium,
1403 5199 1460 5255 quo
1475 5183 1665 5239 hicomnibus
1679 5185 1769 5238 etiam

107 5269 352 5338 tissiodorensem‚
364 5286 475 5343 aquarn
487 5270 564 5342 apud
575 5270 657 5338 alios,
668 5289 684 5322 n
698 5287 768 5343 quos
777 5270 915 5326 nimirum
966 5271 1167 5327 aliisChronici
1181 5272 1223 5328 sui
1237 5271 1307 5327 locis
1317 5271 1497 5327 horrendum
1512 5270 1678 5345 prodigium
1695 5288 1769 5342 praa-

102 5359 168 5431 jam
183 5362 249 5414 ante
263 5360 371 5428 retulit,
386 5379 402 5412 ‹<
417 5361 480 5415 rata
496 5361 540 5414 est
554 5359 589 5414 de
602 5359 723 5415 doctore
742 5360 917 5425 narratioset
966 5360 1042 5426 terit,
1059 5360 1127 5416 inde
1140 5361 1239 5425 etiam,
1253 5360 1356 5415 falsum
1368 5360 1422 5415 hoc
1437 5376 1508 5428 esse,
1524 5360 1602 5415 haud
1614 5363 1691 5415 recte
1702 5378 1771 5415 cirn-

106 5449 243 5505 terribilis
257 5451 384 5517 eventus,
401 5449 450 5521 qui
466 5451 636 5503 Bruuonem
652 5448 682 5503 in
699 5465 831 5503 eremum
848 5449 916 5503 abe·
967 5449 1101 5504 cluditur.
1117 5449 1187 5505 Cum
1202 5448 1325 5516 enim,ut
1339 5448 1773 5522 Caribusianusnostcranony-

106 5537 193 5612 gerit.
230 5539 328 5611 Neque
359 5537 490 5612 prolecto
507 5536 680 5594 horribilem
696 5537 772 5593 illius
792 5537 918 5594 doctoris
969 5556 1034 5594 runs
1053 5541 1132 5595 recta
1157 5537 1299 5606 observat,
1321 5555 1380 5595 non
1406 5556 1509 5595 amires
1535 5556 1651 5612 prorsus
1675 5556 1774 5595 rarum
