3772 5970
190 295 243 374 sit
496 261 1542 374 a.samonismarnusrmonuunsrnuromsonerans!
1800 303 1850 374 stt

192 439 319 499 dulitatis
342 441 545 499 contristabor.
561 441 657 499 Passio
681 441 799 515 quidem
826 441 1028 505 exercitatioA
1041 442 1226 514 miticennas,
1237 441 1451 511 sieatealamlre,
1470 447 1493 497 rt
1510 439 1602 497 vobio
1621 446 1648 497 et
1665 436 1850 514 requiescent

192 531 296 586 dicitur
309 548 361 604 per
373 531 601 598 similitudinem,
617 548 650 587 ec
667 532 743 604 quod
759 531 831 586 sicut
849 548 901 603 per
915 547 993 585 exer·
1041 533 1117 586 lstud
1132 534 1183 586 sub
1198 532 1426 604 interrogatione
1441 531 1747 603 positum,oratioest,
1758 528 1848 586 seder

191 619 357 674 citationem
364 620 470 674 artium
481 621 660 675 saecularium
670 619 878 691 pervenitnrad
889 619 992 674 divinia
1042 620 1192 675 affectione
1209 620 1299 675 nimia
1314 620 1521 692 interrogative
1547 619 1642 691 ponit.
1667 619 1761 688 ilarius
1776 618 1848 674 enim

109 767 112 773 ,
192 708 305 780 paginae
319 709 462 774 notitiam,
485 708 523 763 ita
546 711 575 763 et
601 724 653 779 per
674 708 836 779 passionem
862 708 992 777 pervenit
1041 709 1155 781 pondus
1170 709 1330 764 allectionis
1343 710 1413 763 tales
1424 707 1669 778 interrogationes
1683 706 1848 761 habereso·

192 795 320 851 Christus
334 798 370 852 ed
388 797 613 852 immortalitatis
628 796 846 862 sublimitatem,
871 796 915 848 vel
942 796 990 853 sic.
1042 797 1112 850 lent.
1132 798 1171 850 dc
1186 797 1208 850 si
1225 796 1496 862 diceretz0Deus,
1521 795 1592 850 mihi
1621 795 1762 849 existenti
1784 793 1849 850 sic-td

190 883 224 937 In
239 887 424 940 exercitatione
437 885 574 940 doctrinm
591 902 674 950 mere,
687 884 716 938 id
732 887 774 938 est
789 885 816 937 in
832 900 993 955 persevera·
1042 885 1193 950 columbe,
1207 885 1237 939 id
1253 889 1295 939 est
1311 901 1410 939 revera
1424 884 1578 939 columbae.
1593 885 1636 938 lta
1661 882 1774 938 scilicet
1789 883 1849 938 sinr-

192 973 269 1027 tione
280 973 417 1028 doctrinae
434 990 518 1039 mem,
529 975 764 1027 contristatnrsum
775 972 810 1027 de
825 972 991 1027 iudaeorum
1041 973 1107 1045 plici
1126 978 1156 1027 nt
1173 977 1216 1027 est
1230 974 1378 1042 columba,
1394 978 1424 1028 ct
1438 973 1499 1028 sine
1518 973 1584 1027 ielle
1606 972 1658 1027 irie
1675 976 1711 1040 ,et
1736 972 1806 1039 odii,
1821 974 1848 1030 ot

191 1061 393 1118 obstinatione.
409 1063 528 1118 Ostensa
544 1063 649 1117 merito
666 1078 721 1133 quo
735 1062 839 1116 debeat
853 1062 990 1130 exaudiri,
1036 1078 1142 1143 ‘amore
1160 1062 1306 1117 eharitatis
1318 1063 1402 1134 pleno
1414 1062 1450 1116 ad
1465 1061 1686 1117 similitudinem
1704 1061 1848 1116 columba-

191 1152 345 1221 prtetendit
366 1151 576 1218 necessitatem,
600 1151 657 1205 sie:
676 1150 743 1216 Oro,
760 1152 866 1216 eraudi,
892 1153 921 1204 ct
940 1167 991 1205 ne·
1041 1166 1229 1221 rum,quaeex
1240 1151 1452 1206 dilectionesibi
1463 1150 1586 1205 invicem
1594 1151 1693 1205 oscula
1706 1150 1845 1222 prebent,

190 1254 266 1294 cesse
281 1243 333 1294 est.
350 1240 422 1294 Nam
451 1240 624 1293 contentatur
650 1255 708 1292 surra
727 1256 743 1292 a
759 1256 819 1292 noce
834 1241 945 1304 inimici,
962 1238 992 1294 id
1043 1238 1079 1293 da
1092 1254 1211 1309 pennas,
1224 1239 1254 1293 id
1268 1242 1310 1294 est
1318 1239 1477 1310 agilitatem
1493 1237 1675 1309 resurgendi,
1690 1241 1791 1293 utnon
1799 1237 1847 1293 dit·

189 1327 350 1383 esttudaiei
367 1328 511 1401 populi,et
526 1346 542 1382 a
559 1327 732 1382 tribulatione
752 1330 899 1398 peccatoris
920 1327 993 1398 ejus·
1041 1325 1150 1381 seratur
1165 1326 1336 1381 resurrectio
1351 1342 1417 1381 mea
1432 1342 1521 1398 usque
1550 1326 1580 1380 in
1601 1325 1845 1381 resurrectionem

190 1417 257 1471 dem
267 1415 722 1488 populi,scilicetantonomastice
731 1415 901 1488 peecatoris;
914 1418 991 1487 quod
1041 1430 1237 1470 communem.
1260 1414 1317 1470 Sed
1331 1416 1387 1470 cito
1406 1416 1449 1471 lac
1466 1432 1514 1470 me
1534 1431 1699 1488 resurgere,
1711 1416 1778 1488 post
1792 1418 1844 1471 tras

190 1504 823 1574 estdicere:Contristabnrtimorespontaneo
833 1505 990 1561 secundum
1041 1502 1102 1557 dies
1119 1504 1234 1559 seilicet.
1249 1505 1359 1559 Pennas
1374 1521 1427 1578 pru
1442 1504 1572 1576 agilitate
1585 1503 1680 1576 ponit,
1697 1504 1768 1576 quia
1780 1520 1845 1577 pen·

191 1609 319 1647 carnem.
335 1593 388 1658 Qui
404 1593 492 1648 timor
514 1593 662 1664 continget
683 1611 698 1646 a
720 1610 781 1646 aare
804 1595 989 1649 rninaatisiu-
1041 1595 1115 1646 natae
1131 1594 1259 1649 volucres
1284 1593 1372 1666 agiles
1394 1597 1470 1649 sunt.
1492 1594 1527 1648 Et
1550 1595 1707 1665 postquam
1736 1592 1846 1649 dederis

191 1680 264 1734 deici
279 1681 386 1752 populi,
396 1681 474 1736 idest
483 1681 550 1753 quin
561 1680 718 1735 minabitur
727 1681 797 1735 mibi
810 1683 991 1749 mortem,di-
1040 1696 1151 1750 pennas
1161 1681 1263 1750 esaan,
1288 1682 1317 1736 id
1339 1685 1391 1748 est,
1416 1679 1551 1736 citissime
1564 1682 1611 1736 ibo
1626 1680 1664 1736 ad
1677 1684 1783 1752 gentes
1798 1694 1845 1753 per

189 1768 281 1823 cando
293 1785 298 1822 :
310 1768 491 1840 crucifigent
502 1769 854 1839 atribulationepeecatoris,
866 1763 1027 1842 quiesci-B
1041 1770 1243 1841 praedicatores
1271 1787 1361 1838 meos,
1379 1787 1438 1825 non
1465 1770 1594 1825 localiter
1611 1787 1617 1825 ε
1634 1770 1686 1825 sed
1709 1771 1767 1826 tide
1781 1770 1845 1843 quia

188 1856 256 1911 licet
270 1857 340 1911 mihi
356 1857 892 1928 tribulationeminieret,capienda,ut
903 1860 990 1914 latro·
1041 1860 1068 1913 in
1087 1876 1133 1914 me
1147 1860 1254 1915 scilicet
1267 1860 1397 1927 credent,
1423 1865 1447 1913 et
1460 1861 1622 1932 requiescam
1638 1859 1671 1914 in
1686 1859 1738 1928 eis,
1753 1859 1784 1915 id
1805 1863 1844 1914 ed

189 1947 601 2020 nemducendo,eonspuendo
615 1947 988 2020 etverberibnsallligondo.
1041 1946 1240 2003 delectaborin
1249 1964 1351 2002 eorum
1363 1947 1429 2002 tide.
1438 1947 1683 2020 Quandoquidem
1696 1947 1788 2004 iudaei
1799 1962 1844 2002 ma

224 2036 347 2107 Exponit
362 2039 458 2091 autem
470 2052 549 2091 cura
564 2053 631 2091 voce
646 2037 761 2091 illorum
774 2037 991 2091 conturbabitur
1040 2039 1193 2107 repellunt,
1207 2037 1270 2092 dico
1281 2055 1286 2091 :
1298 2038 1525 2107 Darniiipennas.
1539 2038 1611 2092 Nam
1626 2037 1701 2092 mibi
1715 2037 1788 2092 sicut
1801 2052 1844 2092 eo·

188 2125 274 2180 sic:A
288 2142 456 2181 voceeorum
466 2127 743 2182 ideoconturbebor.
756 2125 991 2197 Ouonr'crniniqui·
1039 2125 1146 2181 lumbes
1156 2126 1298 2193 existenti,
1313 2126 1419 2180 scilicet
1434 2125 1505 2180 milri
1522 2128 1638 2180 carente
1652 2125 1722 2181 telle
1735 2123 1843 2180 amari-

188 2220 252 2268 tates
262 2231 332 2286 quas
355 2215 463 2269 habent
481 2214 686 2281 declinaverant,
701 2214 729 2268 id
745 2218 788 2268 ost
804 2215 990 2269 declinabunt
1039 2214 1155 2282 tudinis,
1173 2217 1208 2270 ad
1224 2215 1344 2271 modurn
1360 2215 1515 2281 columbam
1530 2216 1589 2286 qais
1605 2213 1678 2269 alius
1693 2213 1768 2269 dabit
1777 2231 1845 2286 pen·-

187 2306 355 2370 assianae,
373 2306 404 2358 ut
420 2303 459 2358 sic
479 2320 526 2357 me
548 2303 658 2375 possint
682 2303 853 2370 interficere,
877 2307 907 2359 ut
922 2321 988 2360 eum
1037 2319 1085 2356 nas
1097 2311 1121 2357 et
1134 2304 1226 2358 celabo
1237 2311 1263 2357 et
1273 2305 1432 2375 requiescam
1445 2304 1459 2356 ?
1474 2303 1582 2370 Nullus,
1598 2302 1653 2357 nisi
1669 2308 1698 2355 tu
1724 2303 1840 2359 scilieet.

184 2389 239 2461 ipsi
251 2391 415 2447 seductores
428 2390 753 2462 sintetblasphcmi,me
765 2392 944 2447 seductorem
957 2396 987 2448 et
1038 2391 1110 2455 Quia
1123 2393 1242 2448 dixerat.
1259 2392 1325 2459 Quis
1344 2393 1427 2458 datii,
1443 2394 1510 2459 ete,
1525 2408 1562 2446 ne
1576 2392 1725 2447 rideretur
1740 2393 1796 2448 hoc
1810 2408 1841 2448 er

184 2478 385 2552 blasphemum
393 2496 452 2535 esse
462 2479 857 2551 mentiantur.Undelegitur:
870 2481 985 2536 «Sinon
1036 2479 1238 2536 incertitudine
1255 2481 1293 2536 sie
1306 2481 1444 2553 posuisse,
1459 2481 1667 2553 apostropham
1681 2481 1719 2536 ad
1733 2481 1842 2538 audito-

184 2569 258 2622 esset
272 2567 317 2622 hic
335 2568 513 2634 malefactor,
531 2585 590 2623 non
609 2567 660 2622 tibi
683 2568 898 2623 tradidissemus
918 2585 985 2624 eum
1036 2585 1081 2622 res
1092 2569 1210 2636 iaciens,
1225 2587 1254 2624 se
1272 2570 1340 2625 inde
1355 2572 1466 2624 certum
1497 2585 1557 2624 esse
1579 2568 1717 2635 ostendit,
1734 2569 1839 2641 praedi·

183 2655 275 2724 (ioan.
291 2673 372 2724 xrrn;
386 2656 477 2711 Marc.
493 2655 534 2727 ιι).
560 2676 574 2705 ιι
591 2657 624 2711 Et
641 2656 708 2711 alibi
724 2674 730 2712 :
748 2675 763 2708 ι
787 2656 836 2712 Ηίθ
855 2658 986 2731 blaspbe·
1034 2673 1102 2712 cens
1117 2658 1194 2730 quod
1209 2658 1315 2713 volabit
1330 2658 1378 2713 sie.
1398 2657 1460 2713 Dixi
1476 2673 1482 2712 :
1501 2656 1566 2724 Quis
1579 2657 1665 2724 actu,
1680 2661 1737 2712 etc.
1752 2658 1838 2730 ⁴Cujus

181 2748 243 2799 mat
258 2744 370 2817 (Metili.
388 2762 467 2814 xxv13
483 2746 565 2800 Jaan.
577 2745 614 2813 x).
632 2765 646 2795 u
664 2745 697 2800 Et
710 2762 726 2800 a
739 2745 924 2801 tribulatione
946 2748 983 2802 ti·
1034 2747 1076 2800 rei
1092 2751 1190 2802 tamen
1206 2748 1328 2802 minime
1352 2763 1415 2801 sum
1438 2746 1573 2801 incertus.
1597 2747 1670 2800 Nam
1687 2746 1747 2801 scio
1762 2747 1837 2819 qued

179 2834 276 2901 mebo,
287 2833 352 2888 ideo
361 2833 428 2905 qaia
440 2833 543 2888 inolesti
552 2838 628 2889 erant
640 2835 716 2901 milri,
730 2833 761 2888 id
782 2839 825 2889 est
839 2835 982 2907 praevideo
1033 2851 1098 2902 eece,
1112 2836 1142 2890 id
1158 2836 1239 2891 estin
1251 2835 1395 2907 praesenti,
1411 2834 1542 2905 elongari,
1559 2834 1588 2889 id
1604 2837 1646 2889 est
1661 2835 1837 2907 elongatos

180 2922 257 2995 quod
268 2923 421 2978 molestam
435 2921 649 2977 tribulationem
661 2922 872 2979 mihiinierent.
883 2925 981 2980 Etnon
1031 2923 1135 2978 Judaeis
1148 2924 1264 2995 fugiens,
1281 2925 1310 2978 id
1326 2927 1368 2979 est
1382 2926 1496 2979 coactus
1521 2923 1557 2978 ab
1572 2923 1623 2989 eis,
1638 2923 1709 2994 quia
1725 2940 1775 2979 me
1792 2941 1835 2980 re·

178 3014 298 3083 propter
312 3011 417 3066 merita
429 3028 505 3078 mea,
521 3011 571 3066 sed
585 3011 615 3065 in
631 3013 681 3078 ira,
695 3010 779 3066 idest
792 3016 912 3084 propter
926 3012 980 3069 im·
996 3010 1519 3103 Cspuunt,asimilitudinefugientis,
1532 3009 1580 3082 qui
1597 3014 1713 3065 coactus
1726 3011 1764 3065 de
1774 3012 1835 3066 loco

178 3099 316 3171 pietatem
346 3100 552 3155 irrationabilis
576 3099 627 3154 irae
653 3118 721 3155 sirie.
744 3100 816 3165 Quia
828 3101 938 3156 dixerat
950 3119 980 3157 se
1032 3101 1129 3174 aliquo
1147 3101 1279 3156 discedit.
1303 3099 1343 3155 Et
1358 3101 1422 3171 post
1438 3100 1526 3152 rnanri
1539 3100 1565 3150 in
1581 3097 1834 3166 interturbatam

178 3188 412 3244 conturbandum
428 3205 499 3255 esse,
515 3205 551 3243 ne
566 3190 716 3261 putaretur
727 3205 785 3243 non
800 3191 912 3261 sponte,
929 3191 979 3245 sod
1030 3189 1059 3244 in
1076 3193 1219 3245 arternum
1227 3189 1353 3243 manebo
1362 3186 1541 3259 ingentibus,
1555 3186 1753 3256 quaesolitudo
1763 3186 1834 3243 dice·

176 3275 265 3330 invite
280 3274 496 3330 conturbandus
509 3290 580 3342 esse,
592 3274 734 3346 repetitse
746 3276 978 3332 conturbandum
1029 3279 1144 3344 bantur,
1161 3295 1194 3333 eo
1211 3278 1288 3349 quod
1302 3277 1422 3331 desertae
1438 3277 1522 3329 erant
1548 3276 1576 3327 et
1598 3273 1634 3328 ab
1651 3274 1736 3330 omni
1749 3291 1832 3346 opero

176 3379 248 3430 esse,
264 3365 296 3417 ut
313 3361 490 3417 determinet
503 3362 542 3417 sic
560 3379 566 3417 :
583 3362 662 3418 Dixi:
680 3362 906 3419 conturbabora
918 3381 978 3420 uoce
1027 3366 1104 3421 bono
1119 3369 1148 3420 et
1160 3366 1274 3431 virtute,
1290 3367 1421 3419 carentes
1433 3361 1574 3417 doctrinm
1587 3362 1831 3429 rore,asimilitu·

175 3454 224 3504 eta
238 3450 419 3515 tribulatione,
433 3452 461 3503 ct
475 3448 515 3503 sic
528 3448 602 3504 erit:
620 3449 686 3521 quia
700 3466 745 3504 eor
766 3467 855 3504 ineam
869 3459 977 3505 eenna-
1027 3453 1096 3508 dine
1111 3453 1283 3520 solitudinis,
1294 3451 1322 3507 id
1338 3455 1381 3506 est
1391 3451 1613 3517 desertmterrae,
1622 3466 1688 3521 quaa
1700 3451 1829 3505 ommam

176 3539 267 3593 iatam
282 3541 328 3606 eat,
344 3537 373 3592 id
388 3540 430 3592 est
445 3537 543 3592 anima
558 3554 624 3593 mea
639 3538 857 3594 conturbabitur
871 3539 976 3597 timore
1026 3543 1172 3599 bonorum
1188 3541 1336 3597 fertilitate
1350 3543 1428 3595 caret
1442 3556 1449 3605 ;
1463 3539 1507 3593 vel
1522 3537 1561 3592 sic
1575 3554 1582 3591 ε
1597 3537 1665 3604 Quo
1678 3538 1758 3595 dabit
1769 3538 1832 3593 mai

174 3625 250 3681 vocis
265 3628 294 3680 et
312 3624 515 3680 tribulationis.
542 3626 576 3679 Et
599 3626 661 3680 haee
685 3627 866 3682 conturbatio
882 3628 936 3683 erit
949 3631 977 3682 in
1021 3650 1134 3704 pennas,
1152 3630 1239 3685 idest
1262 3628 1421 3700 agilitatem
1437 3625 1617 3697 resurgendi,
1633 3631 1661 3680 et
1680 3626 1827 3695 calciati

174 3732 225 3781 me,
241 3712 328 3769 idest
342 3712 372 3769 in
387 3728 453 3768 meo
465 3713 540 3783 jure.
555 3713 637 3778 Quod
652 3715 694 3768 est
709 3713 803 3769 dicere
821 3732 827 3769 :
847 3716 976 3771 Potesta·
1026 3725 1069 3776 est
1083 3719 1216 3775 citissime
1232 3717 1351 3772 tendam
1364 3715 1688 3771 inimmortalitatemet
1702 3714 1827 3787 impassi-

173 3807 234 3858 tcm
245 3803 338 3858 habeo
352 3801 544 3858 conturbandi
558 3804 586 3857 et
603 3819 660 3858 non
677 3804 877 3858 conturbandi.
900 3807 939 3859 dc
953 3804 976 3860 si
1026 3809 1177 3876 bilitatem3
1192 3812 1217 3863 et
1227 3808 1397 3878 requiescam,
1413 3802 1443 3857 id
1461 3807 1504 3858 est
1527 3802 1705 3870 delectabor,
1719 3803 1770 3876 qui
1787 3804 1828 3860 hic

174 3892 250 3947 dicat
266 3908 272 3945 :
290 3891 399 3962 Sponte
415 3907 481 3945 mea
494 3889 697 3946 conturbabor.
716 3891 777 3946 Non
796 3893 889 3946 solnm
908 3908 976 3947 vero
1026 3897 1123 3951 multis
1137 3893 1328 3950 anxietatibus
1341 3890 1466 3961 affligor.
1486 3891 1525 3944 Ac
1549 3887 1689 3943 sidicat:
1707 3889 1755 3944 Da
1769 3890 1829 3944 miti

172 3979 282 4035 timebo
296 3982 416 4050 propter
428 3994 527 4033 vocem
543 3983 572 4032 et
585 3979 813 4045 tribulationem,
825 3980 874 4035 sed
889 3981 977 4050 etsor·
1020 4001 1133 4056 pennas,
1149 3989 1174 4038 et
1188 3982 1280 4037 volabo
1294 3986 1319 4036 et
1339 3980 1510 4051 requiescam.
1531 3978 1602 4031 Nam
1618 3979 1679 4048 qais
1696 3979 1772 4034 alius
1783 3978 1825 4032 da-

172 4069 243 4122 rnido
257 4070 350 4122 mortis
364 4067 456 4121 cecidit
468 4083 546 4137 supe
560 4083 610 4133 me,
627 4067 656 4120 id
672 4070 715 4121 est
728 4066 878 4138 continget
892 4069 973 4124 mibi.
1026 4073 1066 4129 tit
1079 4072 1132 4126 nisi
1147 4075 1178 4126 tu
1192 4071 1206 4126 ‘l
1221 4071 1319 4125 Nullus
1331 4067 1447 4123 scilicet.
1464 4066 1553 4136 liujus
1565 4063 1655 4119 etiam
1675 4066 1720 4121 rei
1738 4071 1827 4122 osten·

174 4156 245 4212 Cum
258 4155 327 4211 dicit
341 4154 423 4210 cadet
434 4172 511 4226 asper
525 4171 576 4221 me,
594 4153 689 4208 innuit
709 4154 787 4226 quod
807 4157 975 4226 gravissima
1024 4161 1066 4216 dit
1084 4178 1114 4215 se
1128 4163 1239 4214 certum
1255 4174 1327 4223 esse,
1343 4155 1416 4210 sieut
1433 4154 1500 4210 etin
1514 4152 1662 4208 sententia
1675 4153 1825 4228 superiori,

173 4244 228 4299 erit
244 4244 293 4299 ille
304 4242 442 4308 formido,
459 4243 531 4297 adeo
548 4242 974 4317 utillumvehementeroppri-
1023 4250 1071 4305 sie.
1089 4248 1224 4314 Quamvis
1235 4245 1366 4311 dixerim,
1383 4242 1451 4310 Quis
1474 4241 1585 4297 latitet
1601 4241 1708 4309 volabo,
1732 4248 1825 4299 tamen

173 4335 281 4401 nrat;a
305 4331 492 4386 similitudine
505 4331 546 4385 rei
572 4332 752 4404 ponderosos,
769 4349 832 4404 quoe
847 4333 869 4387 si
888 4351 974 4405 super
1023 4353 1080 4392 non
1102 4353 1163 4391 snm
1179 4336 1297 4406 liujusee
1312 4332 1353 4388 rei
1379 4332 1514 4386 incertus.
1533 4329 1604 4383 Nam
1626 4346 1747 4386 securus
1766 4347 1824 4387 sum

172 4422 297 4494 aliquem
312 4420 457 4489 ceciderit,
475 4420 562 4475 nimis
578 4436 644 4474 eum
661 4421 810 4492 opprimit.
1023 4425 1090 4498 quia
1102 4441 1159 4479 ecce
1174 4424 1203 4478 in
1220 4421 1353 4494 prasenti
1370 4419 1514 4489 elongabo
1530 4432 1547 4470 a
1562 4419 1657 4472 morte
1666 4418 1787 4488 sarpieos,
1796 4417 1824 4474 id

208 4509 340 4566 Ostendit
355 4510 451 4563 autem
463 4508 546 4563 istam
554 4509 742 4564 formidinem
756 4526 807 4581 per
817 4515 912 4581 partes
923 4511 970 4566 sic:
1023 4516 1065 4567 cst
1077 4512 1188 4567 citusad
1197 4511 1316 4566 modum
1327 4507 1477 4580 fugientis:
1487 4509 1516 4560 et
1525 4505 1650 4560 manebo
1658 4508 1827 4577 perenniter

172 4598 244 4652 Vere
254 4596 380 4652 formido
396 4597 479 4651 cadet
490 4614 570 4668 snper
581 4615 631 4666 rne,
640 4597 859 4669 etnonsimplex
871 4599 972 4654 formi-
1023 4603 1050 4653 in
1060 4601 1209 4666 solitudine,
1223 4599 1250 4653 id
1262 4600 1304 4652 est
1318 4597 1347 4650 in
1358 4594 1486 4649 solitaria
1498 4591 1691 4668 beatitudine.
1711 4595 1747 4649 Et
1760 4611 1827 4649 vere

171 4686 219 4754 do,
232 4685 415 4756 sedscqrerrne
429 4691 566 4752 venerant,
581 4686 610 4740 id
627 4689 668 4739 cst
684 4685 791 4740 admei
812 4689 972 4758 oppressio·
1022 4689 1188 4743 solitudoest
1196 4685 1345 4741 beatitudo
1352 4683 1499 4754 ejusdum
1508 4681 1544 4735 ad
1554 4682 1667 4735 tantum
1675 4680 1828 4737 beatitudi-

171 4791 239 4829 nem
252 4772 369 4828 venient
384 4771 412 4826 in
428 4788 486 4837 me,
500 4772 762 4842 ti'rnorinanima,et
773 4775 973 4830 tremorineor-
1022 4777 1067 4831 nis
1083 4792 1169 4830 nemo
1181 4778 1286 4848 praeter
1299 4789 1364 4826 eum
1377 4771 1469 4825 solum
1482 4768 1827 4844 perveneritmequeper·

171 4879 251 4933 pore,
264 4868 290 4916 et
299 4877 358 4915 non
371 4860 426 4914 erit
439 4859 533 4913 inanis
547 4860 635 4915 timor
645 4861 708 4927 iste,
721 4878 788 4916 nam
801 4868 973 4920 contererent
1021 4868 1157 4919 venturus
1172 4863 1216 4918 sit.
1230 4861 1348 4916 lieetad
1361 4856 1651 4913 bancomaessrdeles
1659 4856 1826 4928 perventuri

169 4949 341 5017 metenebrae,
356 4949 385 5004 id
401 4950 444 5003 est
457 4965 490 5002 ex
515 4951 575 5002 toto
604 4949 753 5022 occupabit
777 4967 855 5005 mors
870 4967 972 5022 corpus
1021 4953 1085 5010 sint.
1104 4951 1258 5018 Quoniam.
1275 4953 1371 5004 autem
1382 4946 1509 5001 dixerat:
1520 4942 1585 5010 Qua
1597 4943 1682 5010 dabit,
1697 4961 1735 4999 ne
1745 4949 1824 5015 puta·

171 5055 280 5106 meum,
294 5040 448 5108 contegere
463 5035 820 5109 punitasimilitndinerei‚
833 5055 970 5111 quaecum
1020 5045 1100 5095 retur
1114 5041 1249 5111 ignorare
1265 5038 1359 5110 ipsum
1374 5035 1518 5098 datorem,
1537 5031 1618 5085 addit
1632 5049 1641 5084 .·
1654 5031 1717 5087 Dixi
1733 5072 1740 5086 .
1762 5031 1825 5099 Quis

168 5107 341 5196 contegitur,
360 5123 474 5194 penitus
490 5140 507 5177 a
521 5141 552 5178 re
562 5124 788 5196 quaeontegitur
804 5129 968 5196 occupatur.
1019 5129 1104 5196 datii,
1117 5145 1132 5183 o
1144 5128 1299 5192 auditores,
1310 5126 1338 5179 et
1348 5128 1445 5177 lamen
1456 5118 1624 5190 nonignaro
1637 5119 1734 5190 ipsum
1743 5121 1824 5176 dato·

176 5197 260 5284 183
270 5213 342 5268 ldors
353 5211 457 5266 dicitur
469 5211 608 5279 tenebre,
625 5228 658 5267 co
676 5212 753 5284 qnod
768 5214 969 5285 oeuloscorpo·
1018 5232 1081 5270 rem
1098 5230 1260 5288 pennarum
1278 5228 1284 5266 :
1302 5210 1352 5265 sed
1370 5206 1549 5278 exspectatam
1575 5223 1644 5273 eccm,
1662 5207 1751 5262 idest
1769 5223 1822 5279 ego

165 5303 239 5355 rales
253 5301 420 5355 tenebrosos
433 5299 607 5355 iaciat.'l)ico
618 5300 877 5370 quiadeclinabnnt
888 5304 915 5354 in
928 5320 968 5356 me
1017 5305 1091 5358 bene
1111 5317 1297 5373 coguoscens,
1314 5302 1343 5353 et
1358 5299 1489 5368 exspecto
1512 5296 1541 5348 et
1566 5295 1741 5364 exspectabo
1756 5311 1822 5350 eum

165 5390 316 5460 iniquitates
331 5386 462 5441 etmatesti
474 5390 562 5442 erunt
578 5390 606 5440 in
619 5390 661 5440 ira
681 5404 687 5441 :
707 5390 736 5441 et
755 5387 967 5445 contristabunt
1015 5384 1440 5462 patienter,sinenrurmurevel
1451 5381 1724 5452 taedio,quisalvarn,
1736 5400 1777 5437 me
1785 5384 1823 5453 se·

166 5491 212 5527 me
227 5473 353 5529 nolendo
373 5474 511 5529 doctrinae
528 5491 600 5529 more
626 5474 817 5546 acquiescere.
843 5475 881 5529 Et
899 5480 964 5532 tunc
1014 5482 1062 5544 cit,
1081 5474 1113 5532 id
1126 5481 1169 5531 est
1181 5475 1277 5537 saciet,
1293 5472 1544 5544 apusiiianimitate
1557 5470 1682 5540 spiritus,
1696 5469 1727 5525 id
1735 5473 1823 5526 estne

164 5559 230 5628 diri,
246 5561 349 5619 idest:
363 5559 462 5619 Dicam
476 5564 505 5621 et
519 5578 588 5620 voce
602 5563 792 5624 etaiiectione
805 5563 887 5634 :Quis
899 5567 977 5623 clatit
1018 5567 1146 5627 babeam
1161 5562 1374 5638 pusillanimem
1390 5556 1701 5636 spirituraacssciendo
1717 5559 1748 5617 in
1763 5575 1824 5634 pas·
