3772 5976
105 272 160 341 tn
584 271 763 334 aarosmo
781 274 817 332 ns
835 268 1003 333 rsaauos
1022 303 1057 316 -
1075 269 1172 334 rsit.
1191 269 1289 334 xxm
1711 261 1766 338 trs

106 403 138 460 ει
147 399 187 456 sie
196 397 241 468 sit,
256 395 340 456 cadat
349 393 458 453 scilicet
468 393 498 452 in
516 393 696 471 laqueam,in
713 396 807 469 ipsum
831 397 955 469 quemA
967 395 1035 452 bam
1046 397 1124 471 quod
1131 412 1180 454 eos
1196 394 1398 467 indueram,id
1409 395 1452 454 est
1462 392 1535 453 mihi
1544 392 1763 472 conjungerem,

107 490 182 545 mibi
195 505 296 562 parare
320 487 426 543 voluit:
444 489 475 542 ut
490 484 654 542 detineatur
678 487 707 540 in
723 490 828 553 morta,
844 484 916 539 sieut
965 486 1183 544 asimilitudine
1195 489 1290 554 vestis,
1315 504 1390 560 quae,
1407 487 1477 542 dum
1496 486 1635 555 induitur,
1651 489 1765 561 corpori

103 573 158 634 'me
175 578 304 633 detinere
320 576 418 632 voluit.
436 574 518 640 Quod
533 576 629 646 ponit:
648 576 726 631 radat
740 575 913 647 inlaqueata,
964 575 1171 648 conjungitur;
1192 580 1221 631 ει
1241 578 1315 632 bene
1328 576 1397 632 dicit
1410 574 1534 631 cilicium
1546 575 1666 643 tuturos,
1680 577 1709 632 id
1723 581 1767 636 est

107 664 189 722 idern
214 668 257 721 est
273 665 350 738 quod
365 665 495 736 superius
510 664 591 733 dixit,
607 665 704 720 veniat
722 664 763 720 ilti
778 664 912 736 laquens:
964 665 1137 735 prenitentes
1148 682 1154 720 :
1165 665 1255 721 oibcio
1264 682 1390 737 namque
1402 663 1574 735 paenitentes
1587 663 1764 734 induuntur;

108 756 161 812 sed
174 755 238 811 ideo
254 754 361 826 repetit
376 756 407 809 ut
422 754 606 822 determinet,
623 754 756 810 addendo
771 756 800 808 in
814 755 913 825 ipsura.
965 755 994 806 et
1008 768 1073 807 curn
1087 754 1142 809 hoc
1156 754 1344 826 providebam
1357 753 1433 825 quad
1448 768 1497 807 eos
1511 751 1663 807 induturus
1673 770 1764 822 eram,

107 842 275 900 Notandum
289 845 388 899 autem
403 843 481 914 quod
505 844 602 916 captio
623 843 740 914 ponitur
754 847 783 898 et
797 845 915 915 laqueus
964 840 1138 896 humiliabam
1164 844 1192 897 ia
1205 843 1311 914 jejunio
1326 845 1445 895 unionem
1459 858 1555 896 meam.
1571 840 1654 905 Quod
1668 845 1709 898 est
1722 843 1765 898 di-

108 930 416 987 secundumdiversos.
432 929 557 994 Quidam
569 946 602 985 er
617 931 832 1004 eiscaptisunt:
849 931 914 1003 qui·
963 943 1047 983 cera:
1077 930 1148 986 Cum
1176 947 1289 1003 possem
1313 929 1402 985 libere
1427 946 1512 1000 super
1533 946 1581 984 eos
1609 930 1765 989 vindictam

107 1020 177 1076 dam
192 1018 339 1092 illaqueati
351 1021 445 1073 morte
462 1035 468 1073 ε
485 1019 549 1074 (11ιο
561 1019 638 1092 quod
652 1019 691 1074 illi
702 1019 798 1075 veniat
808 1020 914 1092 laqueus
963 1018 1765 1097 meamexaltarequiamejejunumasuiincorporatioue

106 1116 132 1165 et
141 1111 239 1181 captio,
257 1113 286 1165 et
302 1108 342 1163 ita
353 1108 418 1162 orit.
439 1108 545 1162 Anime
562 1099 650 1162 autem
663 1125 721 1162 rraea
734 1125 766 1163 ex
781 1109 912 1180 opposito
963 1105 1102 1171 iacerent,
1116 1107 1186 1163 illud
1194 1109 1338 1179 jejunium
1352 1107 1500 1163 humiliter
1509 1107 1538 1162 in
1545 1109 1766 1181 secretdanimee

105 1214 171 1269 quae
193 1196 340 1270 putabitur
361 1195 517 1266 illaqueata
531 1196 671 1250 exsultabit
685 1197 717 1251 ia
735 1197 850 1251 Domino
877 1197 913 1251 de
963 1195 1136 1265 patiebar‚et
1145 1197 1200 1253 boc
1213 1197 1277 1252 ideo
1291 1196 1358 1268 quia
1367 1198 1452 1250 oratio
1462 1213 1519 1250 inea
1529 1199 1556 1250 in
1564 1194 1659 1251 sinum
1667 1214 1766 1253 meum

106 1285 401 1340 resurrectionemea.
418 1283 457 1339 Et
472 1284 559 1338 etiam
578 1284 749 1339 delectabitur
757 1303 837 1357 super
845 1286 914 1340 salu·
963 1292 1137 1339 convertetur.
1165 1284 1334 1358 Emphatice
1359 1284 1468 1339 dictum
1489 1287 1541 1352 εει,
1556 1284 1586 1339 id
1602 1287 1644 1340 est
1658 1286 1697 1340 illi
1713 1301 1766 1358 pro

106 1376 163 1428 tari
173 1390 230 1436 suo,
245 1373 275 1427 id
285 1375 329 1428 est
342 1372 376 1427 de
393 1372 550 1427 salvatione
562 1372 614 1440 sui,
629 1390 692 1445 quae
703 1374 853 1446 continget
864 1374 914 1430 bu·
963 1371 1066 1443 quibus
1093 1388 1224 1439 oravero,
1253 1372 1378 1444 ideoque
1393 1375 1477 1427 oratio
1496 1390 1554 1427 ntea
1569 1373 1714 1438 dicuntur,
1729 1375 1767 1431 ad

106 1477 196 1516 mano
213 1461 313 1533 generi
328 1477 380 1532 per
396 1477 453 1518 rue.
472 1462 506 1514 Et
525 1460 613 1516 ctiam
626 1463 718 1516 ornata
731 1465 788 1517 osia
802 1479 870 1530 mea,
883 1461 914 1516 id
963 1461 1176 1531 protectionem
1191 1477 1289 1516 meam
1303 1463 1518 1529 convertentur,
1535 1478 1553 1516 a
1571 1478 1628 1534 qua
1642 1463 1765 1519 malevi-

107 1552 152 1604 est
165 1547 295 1619 discipuli
308 1547 356 1619 qui
373 1549 440 1601 sunt
458 1546 592 1602 tortiores
612 1548 680 1615 ruci,
696 1549 793 1604 dicent
807 1552 837 1603 et
850 1565 912 1604 ver·
963 1549 1057 1604 vendo
1078 1549 1278 1604 discesserunt.
1302 1549 1386 1605 blittit
1404 1549 1450 1604 bic
1472 1566 1525 1605 uos
1542 1549 1579 1605 ad
1601 1550 1765 1608 similitudi·

106 1636 152 1692 bis
164 1641 194 1691 et
204 1635 397 1707 cogitatione:
417 1635 575 1703 ODamina
589 1640 647 1709 quis
664 1640 706 1691 est
719 1638 813 1693 struitis
828 1637 868 1692 tui
883 1637 913 1692 in
963 1654 1031 1693 uem
1046 1637 1221 1693 historiando
1236 1638 1341 1709 Moyse,
1363 1637 1407 1691 cui
1427 1637 1566 1693 Dominus
1584 1640 1721 1713 pracepit
1735 1643 1768 1697 ut

106 1725 260 1798 potentia?
269 1724 378 1779 Nullus.
394 1724 445 1791 Tu,
462 1725 537 1792 dico,
552 1726 685 1793 Domine,
700 1725 748 1798 qui
759 1744 789 1781 es
803 1729 913 1798 eripiens
926 1706 952 1765 Β
964 1742 1085 1781 manum
1093 1727 1121 1782 iu
1130 1725 1226 1781 sinum
1237 1726 1355 1780 missam
1366 1725 1702 1800 indeertraharetfflaod.
1714 1728 1763 1800 iv).

106 1816 153 1868 tna
171 1831 213 1868 ern
240 1814 379 1885 populum
408 1815 502 1881 tuum,
534 1813 566 1866 de
591 1831 674 1868 manu
696 1816 840 1883 fortiorum
858 1815 914 1885 ejus
964 1814 1106 1879 Quacum
1123 1814 1564 1885 extractaleprosaapparuisset‚
1580 1815 1764 1887 precipiente

115 1831 333 1973 Ιόὂίἀεειιιε
343 1904 484 1971 potestate
494 1901 689 1973 malignorum
698 1902 914 1974 spi1·ituum:qui
963 1901 1098 1969 Domino,
1111 1918 1208 1956 rursus
1222 1901 1361 1968 immissa,
1373 1903 1539 1956 sanataest:
1557 1903 1715 1958 bocautem
1728 1904 1765 1960 ad

105 1989 255 2061 bucusque
278 1989 411 2044 fortiores
432 1987 560 2055 inerunt,
587 1989 755 2045 deducendo
769 1990 798 2045 in
814 1991 915 2045 mortis
963 1992 1129 2047 Judaeorum
1144 1990 1252 2046 iactum
1269 1993 1313 2044 est
1324 1988 1459 2060 figuram.
1472 1988 1651 2053 Quillomini
1668 1995 1764 2063 prote·

106 2078 243 2134 tenebras
258 2095 310 2151 per
324 2080 438 2149 culpam
452 2077 532 2132 Adae.
548 2077 631 2142 Quod
646 2082 744 2133 aulem
760 2079 843 2150 ponit
859 2079 915 2134 lor·
964 2079 1052 2134 stioni
1062 2078 1179 2146 subditi,
1197 2077 1258 2133 sani
1283 2078 1313 2131 in
1327 2076 1479 2133 virtutibus
1491 2077 1675 2135 exstiterunt:
1697 2079 1765 2134 inde

106 2166 215 2221 tiorum
232 2166 256 2237 ej
262 2184 294 2220 us
304 2182 385 2220 more
396 2167 560 2220 Graecorum
572 2166 653 2221 lacit:
666 2167 714 2238 qui
724 2183 776 2238 pro
791 2166 913 2224 ablativo
964 2183 1031 2221 vero
1045 2166 1102 2221 suis
1118 2166 1203 2222 malis
1215 2165 1328 2221 meritis
1340 2166 1469 2233 extracti,
1484 2165 1569 2221 variis
1579 2171 1765 2238 peccatorum
1839 2215 1842 2224 ,

106 2272 166 2328 qno
182 2258 290 2322 carent,
307 2254 463 2326 genitivum
482 2257 603 2325 ponunt.
964 2255 1093 2323 maculis,
1102 2255 1139 2310 ad
1152 2255 1273 2310 modum
1283 2255 1517 2326 leprae,corrupti
1527 2257 1603 2309 sunt.
1619 2255 1764 2312 Cumvero

144 2345 179 2398 at
194 2347 223 2398 tu
239 2343 328 2398 etiarn
339 2359 368 2397 es
381 2343 507 2414 eripiens
516 2361 626 2413 eqenurn
640 2350 664 2398 el
672 2362 815 2416 pauperem
826 2361 914 2417 popu·
963 2359 1029 2415 pars
1039 2342 1278 2414 eorumadipsins
1286 2342 1496 2414 protectionem
1506 2358 1558 2414 per
1568 2345 1766 2413 apostolorum

107 2434 171 2487 lum
183 2435 264 2487 tuum
273 2449 288 2486 a
297 2431 481 2502 diripientibus
500 2448 569 2498 ιιιιιι,
585 2449 621 2485 ne
632 2433 755 2503 amplius
765 2434 912 2506 diripiant,
963 2431 1201 2505 praedicationem
1212 2447 1326 2487 reversa
1336 2433 1388 2499 est,
1400 2432 1534 2485 resanata
1543 2434 1595 2486 est.
1608 2432 1641 2485 Et
1656 2432 1710 2487 boc
1724 2435 1767 2487 est

107 2520 138 2575 id
155 2524 198 2575 εει
223 2520 389 2593 amalignis
416 2520 569 2592 spiritibus,
585 2520 633 2592 qui
648 2521 700 2575 sibi
718 2522 835 2577 virtutes
849 2539 914 2577 suas
963 2520 1041 2591 quod
1054 2520 1100 2574 bic
1119 2519 1197 2576 dicit.
1211 2520 1303 2576 Oratio
1318 2536 1376 2573 mea
1387 2521 1415 2572 in
1430 2520 1525 2574 sinum
1544 2536 1643 2575 meum
1659 2537 1766 2575 conua-

109 2608 393 2679 auteadiripiebant:
411 2608 493 2679 inops
505 2608 619 2676 dicitur,
635 2608 683 2681 qui
699 2609 759 2664 sine
773 2626 827 2682 ope
842 2611 913 2665 alte·
964 2608 1110 2671 tetur‚dico
1123 2609 1201 2680 quod
1211 2608 1385 2662 humiliabam
1394 2609 1511 2661 animaru
1518 2625 1606 2662 aueum
1615 2611 1644 2662 ia
1652 2609 1765 2680 jejunio.

108 2697 169 2752 rins
183 2700 238 2752 est:
255 2712 365 2769 pauper
380 2699 487 2764 atatem,
497 2697 545 2768 qui
562 2697 622 2751 sine
633 2715 698 2759 suas
714 2714 822 2768 egenus
834 2714 912 2765 vero,
965 2696 1334 2767 Etetiamsieeornplaeebarn
1344 2695 1615 2762 mibi,admouendo
1625 2697 1716 2762 eos‚id
1725 2698 1768 2751 εει

108 2784 158 2856 qni
185 2784 262 2838 idem
285 2788 327 2838 est
351 2782 428 2854 quod
443 2786 472 2838 ct
487 2784 653 2838 mendicus:
670 2784 716 2839 ille
731 2785 834 2840 dieitur
848 2801 914 2840 cum
965 2783 1005 2838 sio
1020 2784 1185 2839 delectabar
1198 2783 1238 2838 ibi
1254 2783 1333 2855 quasi
1346 2782 1375 2836 in
1390 2783 1575 2838 admonendo
1590 2785 1765 2855 proximum.

109 2875 232 2944 utraque
246 2888 300 2943 ope
315 2875 427 2938 carcat;
437 2872 593 2939 mendicat,
605 2872 633 2927 id
645 2876 758 2926 ealcum
768 2873 916 2944 gemituet
966 2873 1000 2927 at
1015 2872 1133 2944 exponit
1147 2888 1234 2944 quem
1251 2871 1427 2942 proximum,
1444 2886 1509 2925 cum
1525 2871 1622 2927 addit:
1638 2871 1721 2936 Quasi
1737 2872 1767 2926 in

108 2960 278 3014 contusione
294 2961 397 3033 quera
409 2977 484 3014 eam.
498 2960 579 3024 Quod
595 2961 951 3044 totuminbumanopo-(q
967 2961 1153 3016 admonendo
1176 2959 1290 3028 fratrem
1316 2966 1444 3012 nostruin.
1469 2959 1540 3013 Cum
1554 2960 1621 3014 dicit
1638 2968 1766 3030 nostrum,

110 3048 178 3120 puto
187 3048 250 3102 luit.
263 3049 415 3120 Nunquam
427 3049 504 3103 euim
517 3066 611 3120 neque
620 3067 669 3103 sua
679 3044 852 3120 noque‘legis
862 3066 917 3121 opo
968 3049 1062 3103 innuit
1075 3047 1236 3103 trinitatem
1252 3062 1453 3118 personarum.
1466 3046 1548 3111 Quod
1558 3051 1639 3102 estac
1649 3049 1671 3103 si
1682 3049 1767 3104 dicat:

110 3136 206 3206 potuit
220 3136 346 3203 liberari,
364 3136 485 3208 ideoque
500 3153 550 3191 sua
563 3137 650 3207 ipsius
669 3136 785 3192 nriseria
801 3137 917 3192 liberari
969 3139 1010 3191 lta
1025 3136 1187 3191 delectabar
1203 3134 1231 3189 in
1243 3133 1443 3189 admonitione
1456 3151 1568 3202 eorum,
1585 3152 1637 3190 ceu
1650 3136 1771 3208 quilibet

111 3225 296 3279 mendicavit.
314 3225 456 3288 Quoniam
472 3228 568 3279 autern
586 3230 720 3297 posuerat
730 3228 916 3298 arelatensem.
968 3224 997 3279 in
1027 3222 1227 3278 admonitione
1248 3221 1366 3277 fratris:
1384 3226 1413 3277 et
1428 3222 1466 3277 sic
1481 3223 1665 3291 humiliabar,
1684 3225 1771 3280 idest

111 3314 919 3385 Ortiapossettquuriquomodoesterqrienszbocerponere
969 3311 1772 3386 aflligcbarmoerore‚meorumindu1·aticne;quasipater

110 3400 236 3456 intendit
245 3402 294 3468 sic,
306 3403 366 3472 ipsa
378 3419 441 3456 ussa
452 3402 557 3468 dicent,
568 3405 645 3474 equod
663 3406 917 3474 egosurneripieus,
968 3404 1013 3456 vel
1029 3401 1137 3455 amicus
1151 3401 1254 3472 lugens
1262 3403 1291 3455 ει
1302 3400 1487 3455 contristatus
1502 3400 1537 3455 dc
1551 3405 1644 3456 morto
1663 3402 1712 3456 filii
1728 3403 1771 3457 vel

110 3493 139 3543 et
156 3488 194 3543 sic
208 3492 259 3542 est.
277 3491 310 3543 at
320 3506 371 3560 per
386 3490 439 3543 boc
455 3506 517 3543 sum
534 3493 655 3561 milliens,
665 3492 808 3562 quadbac
819 3490 919 3545 ornnia
968 3490 1063 3544 amici.
1079 3487 1522 3559 Sequiturexpositiomalorum,
1534 3489 1570 3544 de
1583 3489 1773 3562 quibussupe·

109 3594 174 3648 quae
188 3576 282 3632 dicam
298 3576 442 3647 patienter
451 3595 550 3649 passus
561 3595 634 3632 sum.
644 3578 808 3633 Notandum
819 3582 917 3632 autem
967 3577 1026 3631 rius
1038 3561 1046 3646 Ι
1057 3561 1556 3647 ΟἹάἰιίιείιιινιίιιειιιηιιιιιιιιι111εο
1567 3580 1774 3651 quodbnmilia-

109 3664 188 3736 quod
202 3664 250 3718 illa
269 3681 332 3735 quac
348 3664 394 3718 hic
407 3682 440 3719 er
461 3666 553 3720 nimia
577 3665 749 3720 certitudine
773 3665 917 3736 praeterite
971 3664 1774 3736 barproeis,etipsiecontrarioletatisuntetconuenerunt

110 3751 307 3818 denuntiatur,
323 3752 917 3826 lutnreaccipiondasunt:scilicetsurpea-
1004 3755 1249 3823 Praeposteratum
1271 3755 1323 3806 εει.
1355 3751 1541 3807 Convenerunt
1569 3754 1707 3808 adversum
1731 3775 1773 3812 rue

110 3847 146 3894 tes
159 3841 186 3893 in
196 3846 317 3894 irretestes
329 3843 424 3913 zin'qui,
440 3860 498 3914 qna
509 3842 676 3911 ignorabant,
689 3858 747 3896 nou
765 3840 916 3912 sapientia,
967 3840 1140 3912 capiendum
1151 3846 1175 3894 et
1190 3839 1340 3893 letatisunt
1356 3839 1392 3894 de
1403 3855 1450 3894 mc
1462 3843 1556 3910 capto,
1572 3845 1601 3895 et
1613 3842 1649 3895 ab
1665 3843 1773 3898 eiseon-

109 3927 160 3982 sed
168 3927 210 3981 rai
223 3928 402 3998 experientia
410 3930 608 3999 interrogabant
621 3947 671 3996 me,
684 3929 712 3983 id
726 3934 769 3984 est
783 3929 916 4000 impone·
967 3935 1077 3999 gregata
1089 3934 1150 3981 strat
1165 3943 1245 3999 reaper
1254 3944 1305 3992 rae,
1321 3926 1407 3982 idest
1422 3927 1458 3982 ad
1472 3928 1698 4000 opprimendum
1713 3949 1770 4001 me,

108 4014 181 4069 bant
196 4015 267 4069 mibi
283 4033 300 4069 a
314 4016 502 4070 similitudine
519 4017 634 4072 illorum
649 4017 698 4089 qui
715 4019 769 4073 tale
785 4018 855 4090 quid
866 4018 919 4074 ali·
967 4017 1073 4086 (lapella
1087 4032 1095 4080 ς
1108 4019 1138 4069 ει
1152 4015 1324 4087 ignorabam
1337 4032 1453 4071 causam
1467 4015 1772 4088 quassagellabanNon

110 4118 199 4172 quern
215 4102 406 4175 interrogant,
423 4104 500 4175 quod
523 4105 648 4176 ignorat,
666 4109 696 4160 ut
710 4105 739 4160 in
762 4107 916 4179 Evangelio
970 4105 1111 4175 quantum
1127 4104 1163 4159 ad
1179 4103 1362 4174 sapientiam,
1377 4104 1427 4159 sod
1439 4105 1671 4176 quautamadrei
1686 4123 1771 4178 erpe-

110 4188 213 4245 diaisse
229 4190 373 4262 leguntur,
389 4215 402 4241 ιι
424 4192 524 4246 b'nnne
548 4193 621 4246 bene
636 4193 758 4249 dicimus
771 4211 834 4264 nos,
851 4195 918 4266 quia
968 4192 1113 4247 riontiam.
1135 4192 1218 4257 Quod
1238 4196 1280 4247 est
1306 4191 1401 4247 dicere
1418 4211 1424 4247 :
1453 4192 1515 4247 Non
1532 4209 1613 4248 eram
1628 4210 1704 4249 reus.
1718 4197 1772 4250 Per

111 4276 313 4331 Samaritanus
324 4295 353 4333 es
365 4282 404 4344 tu,
418 4280 747 4338 eidamoniumbabes?
759 4283 848 4352 (doun.
857 4300 915 4351 viu,
928 4269 954 4327 D
967 4280 1022 4336 hoc
1038 4281 1115 4352 quod
1128 4280 1221 4353 ponit,
1239 4287 1397 4351 congregata
1411 4288 1472 4335 uerat
1485 4282 1601 4351 flagella,
1625 4282 1771 4339 diversita-

109 4366 168 4428 48.)
180 4384 194 4414 n
211 4366 245 4419 Et
262 4367 439 4420 retribuebant
455 4368 522 4421 attilii
538 4369 609 4422 artata
632 4386 685 4440 pra
702 4371 784 4437 bonis,
799 4389 862 4442 quie
877 4371 917 4426 eis
969 4372 1028 4423 tem
1045 4372 1074 4423 et
1088 4368 1329 4438 multiplicitatem
1354 4368 1537 4439 flagellorum
1553 4370 1656 4425 innuit.
1682 4371 1772 4426 11111ιί-

110 4452 240 4507 seceram
256 4453 452 4523 praedicando,
478 4460 607 4511 mortuos
627 4458 801 4525 suscitando,
817 4463 846 4513 ει
860 4459 917 4514 alia
968 4457 1053 4510 mode
1070 4472 1196 4527 namque
1217 4458 1257 4526 tut
1272 4456 1300 4510 in
1314 4456 1470 4526 Evangelio
1484 4456 1598 4527 legitur)
1610 4458 1771 4529 llagellalus

112 4539 252 4594 miracula
264 4541 407 4607 iaciendo,
427 4547 455 4596 ot
475 4544 592 4614 exponit
607 4544 636 4598 iu
651 4546 836 4617 sequentibus
851 4564 916 4618 quae
966 4547 1009 4598 εει
1024 4542 1133 4613 (Marta.
1148 4559 1233 4609 xxvrr,
1258 4543 1312 4612 aot.
1330 4544 1363 4596 Et
1383 4543 1450 4615 quia
1463 4543 1523 4598 heac
1537 4544 1678 4613 secarunt,
1694 4548 1771 4604 dissi·

110 4629 190 4682 mala
204 4630 412 4684 retribuebant.
430 4632 463 4684 at
483 4632 570 4686 etiarn
584 4634 762 4688 retribuebant
774 4618 923 4706 qnantum*
960 4633 1024 4703 pati
1038 4638 1108 4697 stent,
1126 4631 1155 4685 id
1175 4634 1217 4685 est
1241 4631 1387 4698 destructi,
1416 4631 1444 4685 in
1461 4630 1621 4701 virtutibus,
1637 4653 1682 4690 nec
1698 4654 1769 4691 eorn-

108 4715 146 4770 ad
163 4715 344 4788 impietatem
368 4736 460 4786 suam,
486 4722 649 4775 sterilitatem
672 4723 772 4775 arrianae
795 4740 867 4789 inea,
884 4728 916 4779 ut
960 4721 1057 4791 parasti
1071 4722 1137 4773 sunt
1150 4719 1250 4788 postea
1265 4719 1301 4772 ad
1315 4720 1531 4790 paenitentiam
1549 4723 1638 4777 allen
1651 4723 1769 4780 fuerant

108 4821 175 4858 curu
192 4821 244 4876 por
253 4806 489 4875 pradicationem
501 4810 586 4863 vellet
596 4826 644 4864 eos
654 4811 840 4880 qnantumad
851 4828 915 4882 gra·
965 4807 1101 4879 dissipati.
1119 4807 1166 4861 Vel
1177 4807 1216 4862 sic
1231 4808 1320 4863 :Cum
1336 4813 1643 4882 congregarentsuper
1658 4813 1772 4868 mella·
1790 4873 1792 4877 y

108 4892 181 4946 tiarn
196 4895 225 4946 et
240 4893 473 4951 benevolentiam
482 4915 593 4969 parcre,
606 4898 732 4954 sterilem
746 4915 811 4954 earu
825 4918 913 4972 quau·
963 4899 1039 4970 gella
1063 4897 1184 4968 dissipati
1203 4905 1273 4964 sunt,
1300 4897 1330 4951 id
1354 4900 1396 4961 cst
1410 4897 1489 4954 divisi
1503 4915 1519 4951 a
1543 4899 1714 4968 quibusdam
1731 4902 1766 4956 de

106 4983 171 5034 tum
197 4981 233 5035 ad
257 4999 317 5037 sese
340 4984 477 5051 lacerant,
499 4986 582 5057 juxta
610 4987 687 5058 qnod
706 4987 736 5043 in
759 4990 912 5061 Evangelio
962 4987 1066 5043 eodem
1082 4986 1199 5059 populo,
1216 4985 1263 5057 qui
1280 4986 1490 5041 condoluerunt
1513 4986 1601 5040 morti
1617 5003 1700 5055 mese,
1717 4990 1765 5061 qui

107 5068 238 5138 legitur:
265 5071 415 5134 «Quoties
442 5075 515 5127 volui
542 5092 719 5148 congregare
741 5078 813 5133 lilios
837 5082 910 5146 tuos,
963 5073 1766 5145 etiamlegunturflevisse,quibusetipsedixit:«Nolite

109 5157 652 5234 quemadmodumgallinaeongregat
668 5166 910 5236 pullossnbalas,
962 5168 1130 5235 lleresupcr
1158 5162 1467 5232 mc(Lue.xu1u,28).
1486 5184 1500 5211 »
1528 5162 1585 5217 Nee
1611 5171 1671 5218 sunt
1693 5184 1764 5220 coiri-

109 5247 139 5298 et
149 5244 266 5299 noluisti
280 5246 352 5316 (Luc.
362 5265 419 5316 arri,
433 5250 487 5320 311,
501 5272 514 5298 »
527 5251 585 5305 Dixi
596 5252 806 5322 quodanitnam
814 5269 911 5308 meana
956 5253 1129 5324 paearticrga
1145 5267 1193 5305 nte
1203 5250 1310 5323 pietate
1322 5252 1453 5321 exemplo
1466 5267 1577 5306 eorum.
1592 5252 1763 5310 Perhocau·

107 5333 398 5388 sterilemlaciebanl.
409 5334 564 5404 liquentem
577 5357 635 5391 erim
645 5340 818 5394 rnilrirnatesti
829 5348 911 5394 essent
961 5345 1021 5394 tem
1037 5355 1138 5393 eorum
1154 5339 1290 5393 duritiam
1307 5339 1426 5394 nimiam
1437 5339 1640 5407 innuitluisse;
1663 5344 1704 5396 val
1714 5344 1762 5398 sie.

105 5436 160 5492 pro
178 5420 226 5475 illa
237 5421 397 5489 sterilitate,
418 5426 544 5478 riulurbar
557 5426 608 5481 illis
624 5429 706 5480 cilicia
722 5428 834 5494 tuturis,
851 5445 909 5482 non
961 5428 1034 5493 Ouia
1046 5429 1130 5482 letati
1141 5437 1202 5482 suist
1215 5436 1238 5482 et
1253 5435 1438 5495 coercuerunt,
1457 5429 1580 5500 dissipata·
1590 5437 1662 5493 sunt,
1678 5431 1707 5486 id
1722 5438 1765 5489 εει

105 5525 138 5565 re
151 5509 267 5576 scilieet,
280 5510 329 5566 sed
342 5528 401 5582 spe.
413 5512 495 5575 Quod
513 5517 555 5569 cst
570 5514 664 5569 dicere
679 5531 685 5569 ε
698 5515 760 5586 jam
774 5515 907 5589 provide·
957 5517 1171 5592 dissipabuntur
1187 5534 1238 5591 per
1254 5521 1348 5574 totum
1364 5518 1475 5576 orbem.
1490 5517 1547 5576 Nea
1561 5519 1626 5575 ideo
1638 5535 1765 5594 retiqua-

323 5609 441 5666 Paraoc.
458 5608 534 5666 cul.
1619 5620 1653 5675 25
