3772 5970
139 274 191 334 lot
568 264 1116 330 8.Β1111606“18(]Α1111111816110111161
1135 270 1369 330 lNSTlTUTORlS
1417 279 1420 282 ’
1751 274 1807 337 168

138 397 173 454 in
189 397 318 471 gratiam
339 398 410 452 66116
418 397 727 466 redire,intellexisset,
739 413 805 453 cum
822 395 1059 466 exercituAaliis
1084 412 1171 468 supra
1196 397 1252 451 666
1274 397 1453 469 transcriptis
1476 397 1564 452 etiam
1590 401 1719 454 vocetur.
1741 401 1808 456 Jam

139 486 261 541 tandem
273 485 400 558 Capuam
417 486 582 543 obsessurus
592 486 742 558 Capuanos
754 487 827 541 lines
841 489 884 541 est
900 486 943 540 in·
996 501 1073 550 vero,
1087 501 1153 539 cum
1169 485 1290 556 principi
1307 485 1449 541 Richardo
1461 502 1564 557 parum
1579 487 1754 556 admodum,
1767 491 1810 545 uti

143 589 266 646 gressus.
994 588 1027 627 ex
1039 574 1101 644 jam
1119 574 1199 628 dictis
1219 574 1341 641 videtur,
1356 592 1373 628 a
1388 574 1478 646 copiis
1499 575 1586 630 luerit
1604 581 1808 649 prospectum,

175 665 238 718 661.
254 663 326 718 nudi
342 663 442 732 modo,
464 681 527 736 quae
542 668 683 737 preterca
704 665 759 718 666
785 662 943 733 spectantia
994 659 1121 730 Capuam
1132 665 1199 716 ante
1211 661 1325 717 comitis
1339 662 1454 734 Rogerii
1464 662 1501 718 ad
1513 679 1578 717 eam
1589 663 1747 720 adventum
1758 667 1811 721 abs

139 766 202 823 cap.
217 754 250 808 26
264 752 413 807 1161666666
427 753 617 825 suppeditet«
631 752 943 824 Α6,166616666666166
993 747 1053 815 illo,
1070 748 1114 802 cui
1130 766 1224 822 neque
1239 753 1301 804 tum
1316 767 1348 804 ex
1367 751 1449 805 dictis
1469 750 1548 805 ducis
1564 752 1682 823 Rogerii
1697 754 1809 809 exerci-

140 839 275 911 Rogerio,
289 840 338 895 ubi
352 841 454 911 legatis
464 842 704 911 regredientibus,
716 839 941 912 coslcapuanos)
992 838 1038 890 tus
1053 836 1163 899 aderat,
1185 837 1442 904 circumvallatam,
1457 838 1555 907 luisse,
1571 855 1675 911 parum
1697 843 1808 897 verosi·

139 928 181 983 nil
193 927 298 996 moliri,
314 928 364 982 sed
379 945 495 1000 prorsus
509 929 538 984 in
553 928 664 984 malitia
679 946 730 983 sua
743 927 865 1000 superbe
880 944 944 998 per-
993 923 1061 979 mile
1077 926 1207 997 apparel.

139 1013 239 1071 sistere
262 1016 352 1083 audit,
374 1016 442 1072 inde
462 1018 490 1087 (a
509 1017 594 1073 116616
616 1016 732 1087 sabato)
757 1032 943 1071 commovens
1028 1012 1168 1066 etudine
1180 1027 1266 1082 porro
1274 1012 1541 1084 jamconsequitur,
1559 1016 1591 1068 ut
1600 1014 1806 1071 verosimiliter

140 1102 290 1175 Capuanos
310 1104 382 1159 11666
401 1105 542 1176 pervadit,
566 1122 622 1177 quo
646 1104 759 1159 diliculo
779 1121 845 1158 enm
863 1104 943 1159 mille
993 1097 1128 1170 Capuana
1144 1098 1254 1154 obsidio
1268 1102 1336 1154 tunc
1344 1100 1557 1171 primumcum
1572 1101 1635 1156 urbi
1644 1102 1710 1157 6616
1724 1120 1806 1158 exer-

138 1193 256 1248 armatis
263 1193 419 1247 exercitum
428 1195 593 1265 praecedens
605 1193 641 1248 ad
653 1192 942 1264 urbemlCapuanam
993 1188 1080 1242 citum
1097 1204 1194 1243 comes
1210 1188 1348 1259 Rogerius
1358 1189 1541 1256 admovisset,
1558 1190 1675 1246 initium
1690 1209 1808 1265 666666·

138 1281 254 1352 nempe)
271 1281 390 1347 accedit,
405 1285 547 1337 extractos
562 1282 701 1354 plurimos
716 1281 880 1336 militariter
891 1282 942 1337 da·
991 1275 1040 1345 rit,
1057 1294 1088 1332 66
1104 1277 1188 1350 66616
1205 1281 1236 1331 66
1249 1294 1347 1332 mense
1359 1278 1442 1345 llaio,
1459 1295 1524 1333 cum
1538 1279 1577 1333 sic
1592 1296 1627 1334 ex
1639 1280 1723 1335 dictis
1733 1284 1802 1335 ante

134 1368 226 1440 jactos
237 1369 550 1437 domnoseindilicavit,
560 1368 943 1441 multosqueampliuslaesis-
992 1367 1101 1419 sextam
1119 1364 1262 1420 decimam
1277 1366 1382 1420 mensis
1395 1366 1479 1436 hujus
1495 1367 1572 1421 diem
1588 1368 1726 1424 inchoata
1743 1385 1804 1424 666

136 1459 189 1524 666,
205 1457 342 1529 nipulvis,
354 1474 495 1529 equorum
510 1457 783 1530 pedibusexcitatus,
795 1461 941 1513 etavento
992 1453 1088 1520 166616,
1115 1453 1232 1526 diesque
1255 1455 1450 1526 quadraginta
1476 1456 1612 1522 tenuerit,
1634 1456 1672 1511 ad
1694 1457 1806 1513 exitum

137 1544 361 1601 condensissime
380 1546 515 1617 agitatus,
532 1546 746 1600 intercessisset.
764 1545 809 1600 Sic
829 1546 865 1600 ad
882 1562 941 1601 cas·
992 1541 1116 1597 adducta
1130 1559 1190 1597 non
1199 1543 1294 1598 luerit.
1309 1544 1426 1610 Vermn,
1440 1543 1542 1598 demus
1553 1544 1642 1599 etiam
1650 1545 1804 1617 tantisper,

138 1636 181 1689 tra
196 1650 247 1687 sua
261 1650 391 1688 reversus
415 1636 446 1689 in
471 1635 630 1690 crastinum
654 1652 719 1689 cum
740 1637 801 1690 6666
818 1635 943 1689 exercitu
993 1645 1010 1683 a
1026 1631 1155 1702 principe
1170 1632 1310 1686 Richards
1328 1631 1455 1702 Capuam
1475 1636 1542 1687 ante
1558 1632 1672 1688 comitis
1688 1634 1807 1705 Rogerii

136 1722 199 1777 urbi
213 1738 242 1776 se
254 1722 421 1777 viciniorem
436 1723 610 1778 6661666666
620 1723 776 1778 1166161666
791 1726 876 1794 plaga
891 1723 942 1777 oh·
957 1719 1030 1781 Bad
1045 1736 1112 1773 eum
1126 1736 1191 1774 cum
1201 1720 1383 1774 exercilusuo
1394 1737 1539 1775 accessum
1552 1721 1803 1777 circumvallatam

135 1810 247 1867 sidione
262 1811 489 1882 vallandoaripa
500 1811 638 1867 Orientali
652 1829 740 1884 usque
752 1811 789 1866 ad
805 1811 943 1868 Occiden·
993 1807 1088 1874 luisse,
1104 1824 1157 1862 nec
1169 1808 1209 1862 sic
1224 1808 1367 1862 civitatem
1388 1807 1468 1862 illam
1483 1825 1582 1863 mense
1595 1809 1667 1865 61616
1679 1809 1806 1865 deditio·

134 1899 223 1953 talem
233 1899 332 1969 cingit.
349 1899 443 1953 »Cum
458 1916 527 1969 ergo
545 1899 683 1969 Capuani,
699 1899 741 1953 uti
755 1916 789 1953 ex
803 1898 942 1955 61616616-
992 1912 1061 1950 nem
1077 1895 1188 1961 iecisse,
1205 1895 1368 1950 verosimile
1388 1896 1500 1950 evadet.
1517 1896 1589 1950 Cum
1605 1897 1694 1963 enim,
1712 1897 1754 1951 uti
1773 1914 1808 1952 ex

134 1990 220 2043 terrae
232 1987 325 2041 verbis
340 1987 520 2058 intelligitur,
531 1988 561 2041 in
570 1987 707 2043 comitem
721 1986 943 2059 Rogcrium,qui
993 1999 1079 2055 supra
1096 1982 1178 2037 dictis
1199 1983 1299 2055 liquet,
1320 1999 1417 2038 comes
1438 1983 1577 2055 Rogerius
1605 1985 1641 2040 ad
1664 1985 1807 2041 Sebatum

135 2073 172 2130 ad
183 2090 284 2128 eorum
298 2074 410 2141 urbem,
421 2077 578 2146 antequam
590 2076 748 2130 exercitum
762 2093 845 2131 suum
857 2077 883 2130 ei
892 2077 944 2130 ad·
993 2070 1112 2126 fluxium
1126 2089 1142 2125 6
1156 2073 1317 2126 benevento
1329 2072 1405 2126 haud
1419 2074 1806 2144 procul,sextadecimailaii

134 2160 279 2227 movisset,
296 2161 374 2215 mille
390 2161 527 2216 duntaxat
549 2163 690 2217 militibus
713 2165 833 2234 stipatus
853 2181 944 2218 acces·
993 2160 1049 2226 die,
1065 2160 1093 2214 in
1110 2176 1196 2231 quam
1214 2163 1372 2215 66661698
1387 2162 1555 2216 Pentecoste
1572 2161 1729 2230 incidebat,
1738 2179 1806 2218 cum

137 2251 225 2315 cerat,
250 2253 392 2303 armatam
415 2250 540 2304 militum
565 2268 686 2305 manum
706 2253 865 2317 emiserint,
888 2252 942 2306 cir·
993 2248 1119 2303 exercitu
1134 2264 1185 2302 suo
1198 2249 1475 2319 substitcri,hocque
1490 2249 1596 2303 festum
1610 2249 1720 2304 ibidem
1734 2251 1809 2305 cele·

135 2337 337 2393 oumvallatam
352 2337 480 2409 Capuam
491 2342 552 2392 tum
562 2338 693 2393 nondum
707 2339 941 2412 luisse,apparet.
993 2335 1261 2402 brarit,neostatim
1277 2339 1342 2408 post
1358 2352 1423 2390 cum
1435 2337 1539 2391 eodem
1551 2336 1618 2391 inde
1635 2338 1759 2393 movisse
1769 2338 1809 2394 vi·

135 2425 180 2480 ad
192 2426 325 2481 haeccum
334 2426 484 2482 lllalaterra
496 2427 633 2483 comitem
649 2428 944 2499 Rogerium,exercitu
994 2423 1105 2492 deatur,
1122 2424 1158 2479 ad
1173 2424 1301 2494 Capuam
1315 2441 1382 2478 eum
1394 2429 1462 2479 aute
1473 2425 1642 2495 vigesimam
1653 2426 1717 2481 blaii
1726 2426 1807 2482 diem

136 2529 187 2569 suo
204 2530 302 2586 capuae
314 2514 377 2585 jam
390 2515 520 2583 admoto,
535 2516 570 2569 ab
581 2515 715 2570 orientali
728 2517 802 2571 banc
815 2517 945 2572 6661666·
994 2514 1086 2567 castra
1108 2528 1166 2567 non
1192 2512 1332 2583 posuisse,
1355 2512 1604 2567 verosimillimum
1618 2518 1755 2583 apparet;
1773 2519 1807 2569 66

137 2600 248 2672 talique
261 2603 347 2673 plaga
357 2602 488 2670 cinxisse,
501 2603 594 2659 verbis
609 2604 740 2674 proxime
752 2605 876 2659 recitatis
886 2607 944 2661 tra·
995 2599 1128 2670 proinde,
1141 2599 1164 2653 si
1176 2599 1244 2654 urbs
1263 2600 1335 2669 haee,
1352 2604 1485 2655 currente
1505 2600 1599 2655 adhue
1623 2601 1707 2667 binio,
1728 2601 1809 2658 dedi-

137 2686 196 2756 dat,
208 2689 308 2761 hisque
322 2691 481 2761 sequentia,
496 2714 509 2742 o
518 2693 578 2747 Dux
589 2696 685 2745 autem
699 2694 727 2747 et
739 2692 945 2762 princepscum
995 2687 1107 2742 tionem
1122 2688 1232 2754 fecerit,
1249 2688 1460 2742 consectarium
1469 2688 1598 2742 futurum
1606 2688 1653 2756 sit,
1665 2692 1697 2743 ut
1705 2688 1808 2745 diebus

137 2790 188 2831 suo
203 2775 329 2830 exercitu
342 2778 378 2830 ab
394 2777 555 2848 aquilonari
570 2781 653 2849 parte
669 2777 832 2833 obsidentes
844 2779 945 2833 urbem
997 2775 1134 2829 duntaxat
1155 2774 1257 2830 decem
1282 2775 1395 2830 circiter
1421 2775 1564 2830 obsidioni
1585 2777 1646 2847 ejus
1666 2776 1807 2832 interesse

136 2863 261 2918 tendunt
277 2865 554 2937 praegravari‚»m01
564 2866 728 2938 subjungat,
737 2866 858 2923 innuere
868 2867 944 2922 vide-
996 2878 1093 2917 comes
1114 2863 1252 2934 Rogerins
1276 2863 1412 2936 potuerit.
1435 2864 1540 2918 Verum
1555 2864 1655 2920 diebus
1681 2865 1808 2938 amplius

136 2953 193 3020 tur,
208 2951 334 3025 Capuam
349 2969 383 3008 eo
396 2954 457 3026 ipso
474 2959 616 3026 tempore,
627 2973 684 3028 quo
697 2973 762 3011 eam
776 2973 792 3011 6
809 2956 945 3012 meridie·
996 2951 1096 3006 decem
1112 2951 1640 3024 6616661661666661616616616616666
1655 2953 1738 3008 illum
1754 2952 1807 3008 ad·
1851 3006 1854 3010 .

136 3040 425 3097 66116666616666611
441 3044 527 3114 plaga
542 3060 639 3099 comes
659 3045 799 3116 Rogerius
814 3045 912 3113 cinxit,
929 3063 947 3100 a
995 3039 1091 3106 luisse,
1108 3058 1140 3094 ex
1162 3041 1284 3112 1166661
1300 3046 1361 3096 tum
1379 3042 1530 3096 1161666666
1552 3042 1682 3098 ilistoriae
1703 3042 1808 3098 Siculae

137 3128 354 3200 septentrionali
370 3131 455 3202 plaga
472 3131 640 3203 perducem
655 3132 812 3203 Rogerinm
826 3136 855 3188 et
866 3134 944 3204 prin·
995 3129 1045 3185 lib.
1059 3146 1097 3195 xv,
1113 3146 1176 3201 cap.
1193 3132 1225 3184 26
1242 3134 1270 3184 66
1284 3129 1358 3184 61616
1373 3147 1466 3202 seqq.,
1483 3134 1544 3184 tum
1556 3130 1715 3185 Eadmerus
1728 3131 1757 3186 in
1775 3131 1805 3186 S.

136 3215 231 3288 cipem
244 3218 420 3273 Richardum
435 3219 644 3274 circumdatam
660 3220 788 3290 primum
805 3220 946 3288 suisse3ut
994 3216 1123 3271 Anselmi
1140 3217 1352 3272 Cantoariensis
1363 3218 1570 3290 archiepiscopi
1586 3218 1659 3286 Vita,
1670 3219 1747 3290 apud
1755 3236 1810 3275 nos

136 3303 258 3375 proinde
274 3304 354 3358 illam
373 3306 419 3359 hic
438 3309 507 3360 ante
527 3306 640 3361 comitis
664 3307 780 3379 Rogarii
801 3325 945 3363 accessum
995 3309 1067 3360 tom.
1084 3307 1106 3359 ll
1121 3307 1214 3377 Aprils
1229 3323 1295 3378 pag.
1313 3309 1375 3375 887,
1404 3324 1485 3375 num,
1501 3309 1535 3362 45
1555 3312 1584 3362 et
1605 3325 1678 3380 666,
1694 3325 1810 3364 memo·

136 3389 355 3446 circumvalasse
370 3394 514 3463 putandus
529 3410 587 3447 non
604 3394 649 3449 sit.
995 3395 1046 3451 riae
1071 3396 1208 3466 produnt,
1236 3395 1425 3451 muniiestum
1451 3401 1580 3469 apparet.
1607 3397 1642 3451 Ut
1665 3414 1729 3469 quae
1751 3398 1810 3453 666

174 3478 235 3534 662.
245 3479 278 3532 Et
293 3495 360 3534 vero
372 3479 496 3552 principi
511 3480 663 3549 Richardo,
675 3485 705 3537 66
716 3482 745 3537 16
758 3486 819 3538 tum
828 3484 945 3552 iaceret,
997 3484 1155 3558 spectantia
1175 3485 1325 3539 1161666666
1344 3485 1405 3539 1666
1428 3485 1475 3539 616.
1496 3485 1671 3557 6666661666,
1687 3502 1810 3558 relnque

138 3566 228 3638 copiae
244 3566 419 3621 sufficientes
432 3567 517 3622 luisse
529 3570 737 3625 uonvidentur.
749 3572 946 3644 Praeterquam
997 3571 1194 3643 minus,quam
1203 3589 1267 3644 666
1278 3562 1436 3627 Eadmerus
1445 3573 1586 3644 suggerit,
1595 3572 1718 3628 dilucide
1729 3574 1810 3629 evin·

138 3654 230 3722 onim,
255 3654 333 3727 quod
353 3656 445 3711 solam
469 3657 617 3725 Aversam,
640 3676 820 3732 parvumque
840 3661 946 3716 civitati
996 3663 1076 3728 6666,
1092 3660 1238 3715 6666166616
1254 3678 1324 3733 ergo
1333 3661 1479 3730 omittam,
1492 3662 1660 3734 posterioris
1669 3663 1811 3719 duntaxat

137 3743 204 3800 6616
219 3743 401 3815 adjacentem
415 3748 560 3801 terrarum
573 3749 698 3803 tractum
714 3749 766 3803 sub
781 3748 947 3805 ditionosua
997 3749 1142 3821 scriptoris
1157 3750 1241 3820 hujus
1260 3751 1357 3817 verba,
1376 3768 1429 3807 neo
1451 3750 1505 3805 nisi
1528 3768 1592 3823 666
1615 3753 1671 3807 666
1696 3753 1810 3824 potissi-

138 3834 261 3898 tenoret,
277 3832 428 3888 Malaterra
441 3833 607 3904 verbisjam
624 3853 701 3890 nunc
715 3836 841 3891 recitatis
857 3836 946 3893 etiam
996 3853 1078 3893 mum
1093 3839 1214 3903 1661666,
1232 3838 1311 3893 16666
1327 3839 1530 3894 transcribere.

40 3985 52 4008 .
137 3919 199 3976 brec
210 3921 513 3994 proximeadjungit:«
523 3924 612 3978 Porro
622 3926 817 3996 comos,cujus
827 3925 946 3982 consilio
1033 3929 1095 3982 661.
1108 3929 1264 3999 Postquam
1280 3928 1388 3999 itaque,
1404 3927 1432 3981 S.
1445 3929 1626 3996 anselmum,
1646 3932 1677 3984 ut
1698 3929 1736 3984 ad
1750 3930 1805 3986 du·

139 4023 241 4064 omnes
253 4008 437 4075 incedebant,
451 4009 518 4079 quia
526 4010 684 4078 sollicitior,
694 4011 762 4083 quia
776 4012 947 4083 prudentior
997 4029 1061 4069 cem
1075 4016 1185 4088 Apuliae
1193 4016 1360 4087 bogerium,
1373 4015 1509 4086 Capuana
1521 4016 1671 4071 obsidione
1683 4033 1806 4089 occupa-

138 4092 169 4148 in
185 4093 320 4148 omnibus
335 4094 456 4165 agendis
468 4095 606 4166 vigilandi
623 4115 691 4152 cura
704 4102 776 4167 6666,
786 4103 948 4170 pontemex
997 4107 1072 4172 tum,
1086 4105 1122 4159 ad
1137 4121 1225 4175 quam
1246 4104 1460 4176 expeditionem
1474 4105 1619 4173 bellicam,
1636 4109 1668 4161 ut
1680 4107 1732 4174 ait,
1747 4107 1804 4163 Ro·

138 4179 226 4252 lignis
236 4180 350 4253 erigens
366 4182 405 4237 ita
419 4185 500 4237 trans
513 4183 815 4257 llnmentVulturnum
830 4189 947 4261 nempe)
997 4192 1093 4263 gorius
1108 4190 1211 4247 Sicilire
1226 4192 1642 4248 comesmultaSaracenorom
1658 4194 1807 4250 661111666-

140 4269 292 4337 666166616,
320 4273 350 4324 66
369 4287 419 4326 666
440 4272 577 4327 exercitui
595 4277 626 4350 ⁴et
648 4274 736 4343 ducis,
760 4276 852 4331 libero
867 4277 947 4332 aditu
959 4279 985 4338 D
997 4278 1127 4348 duxerat,
1143 4281 1227 4352 61666
1243 4282 1365 4354 6661666
1380 4285 1440 4335 6666
1452 4281 1805 4348 intererat,seseconferre

139 4359 269 4431 patente,
284 4357 368 4412 116666
391 4360 538 4427 666661666,
558 4361 653 4433 sicque
675 4364 743 4418 urbs
766 4364 802 4418 ab
825 4368 946 4436 utroque
997 4368 1175 4440 dignaretur,
1190 4371 1341 4425 invitatum
1354 4371 1450 4437 luisse,
1468 4369 1566 4442 paucis
1582 4372 1721 4439 narravit,
1736 4388 1805 4427 mox

139 4445 265 4502 exercitu
283 4447 313 4501 in
329 4449 443 4502 tantum
460 4466 597 4522 oppressa
612 4455 664 4518 est,
679 4456 710 4508 ut
724 4454 803 4507 nulla
816 4470 849 4507 ex
864 4459 946 4524 parte
996 4458 1093 4512 subdit
1104 4475 1128 4512 :n
1143 4459 1342 4524 Ascendimus,
1354 4459 1457 4513 ivimus
1468 4463 1497 4514 et
1506 4459 1603 4533 plures
1613 4460 1642 4514 in
1655 4459 1806 4515 obsidione

140 4534 221 4591 arida
232 4537 275 4592 vel
290 4536 401 4608 liquida
423 4539 592 4609 egrediendi
617 4543 678 4597 tulo
696 4545 748 4597 661
761 4543 945 4614 ingrediendi
996 4545 1057 4602 dies
1071 4547 1229 4618 exegimus,
1254 4547 1359 4602 remoti
1373 4547 1403 4602 in
1420 4550 1552 4605 tentoriis
1567 4568 1584 4605 a
1598 4547 1762 4620 frequentia
1778 4554 1807 4606 et

139 4621 233 4678 editus
245 4626 829 4701 pateret.>›llisceautemeverbis,utpote
844 4632 946 4703 quibus
993 4635 1121 4690 tumultu
1133 4636 1343 4707 perstrepentis
1365 4637 1515 4692 exercitus.
1540 4639 1607 4693 Erat
1626 4642 1735 4704 aulem,
1755 4639 1805 4694 ubi

137 4711 288 4768 1161666666
302 4712 374 4768 6666
397 4713 535 4770 duntaxat
546 4718 696 4786 exercitus,
711 4719 833 4774 alterum
854 4720 945 4792 11666-
996 4739 1121 4790 eramus,
1137 4724 1270 4795 quaedam
1283 4724 1433 4779 ecclesiola
1442 4727 1557 4795 penitus
1569 4725 1806 4796 desertaeljuxta

40 4806 42 4811 ’
137 4801 181 4859 rio
196 4802 304 4869 comiti,
327 4805 450 4858 alterum
467 4804 590 4875 lingerio
605 4806 670 4861 duci
685 4811 850 4879 parentem,
866 4825 945 4864 com·
996 4811 1805 4886 ostiumcisteruadesuperdiruptamagneeprolundita·

138 4895 293 4958 memoret,
315 4891 511 4963 colligendum
534 4898 664 4964 apparet,
686 4910 791 4966 paucas
808 4896 947 4953 duntaxat
996 4899 1033 4954 tis
1047 4900 1158 4953 hiatum
1166 4917 1217 4954 sua
1228 4899 1393 4969 diruptione
1406 4901 1599 4972 praetendens.
1612 4903 1642 4954 ln
1652 4903 1806 4973 66666616-

138 4980 234 5054 eopias
246 4979 368 5052 principi
383 4979 534 5047 Richardo,
545 4982 594 5053 qui
604 4987 714 5050 tamen,
728 5000 798 5056 quas
808 4986 944 5055 babebat,
996 4988 1038 5044 sia
1049 4989 1125 5043 velut
1138 4989 1166 5043 in
1187 5005 1313 5054 camera,
1325 5004 1378 5060 pro
1394 4989 1466 5042 velle
1478 4991 1730 5056 conversabamur,
1740 4992 1804 5046 tam

136 5068 215 5126 haud
236 5068 322 5124 dubie
345 5084 446 5123 omnes
468 5068 528 5123 1666
551 5070 587 5124 66
613 5072 827 5143 expeditionem
853 5074 943 5142 illam,
995 5076 1095 5149 quieti,
1109 5093 1197 5149 quam
1214 5076 1294 5147 operi
1309 5076 1339 5130 in
1352 5094 1386 5131 ea
1397 5076 1591 5148 indulgentes,
1605 5080 1634 5130 et
1649 5077 1753 5132 ducem
1762 5077 1803 5149 ip

138 5156 217 5230 quod
237 5157 305 5212 felix
329 5157 413 5226 hujus
427 5172 571 5211 successus
596 5159 721 5213 maxime
738 5160 813 5215 illius
824 5162 943 5219 interes·
994 5181 1058 5220 sum
1071 5183 1137 5220 cum
1150 5165 1206 5220 suis
1221 5166 1370 5220 nobiscum
1386 5165 1505 5237 singulis
1520 5165 1630 5232 diebus,
1645 5169 1676 5219 ut
1690 5166 1804 5222 voleba-

136 5247 189 5313 set,
214 5244 374 5311 adduxerit,
397 5245 427 5298 iu
456 5245 534 5300 ducis
560 5247 673 5317 Rogerii
697 5249 823 5303 exercitu
847 5251 942 5320 fuisse,
994 5270 1069 5321 mus,
1089 5256 1119 5309 16
1142 5258 1280 5327 promptu
1295 5254 1445 5309 habentes.
1463 5255 1593 5319 Quadam
1615 5270 1684 5310 vero
1706 5259 1802 5324 nocte,

136 5332 205 5387 lieet
218 5332 337 5386 interim
352 5333 398 5386 bic
413 5337 473 5388 tam
489 5335 633 5404 Richardi,
650 5337 727 5408 quod
747 5338 884 5393 nimirum
896 5342 945 5396 ali-
993 5361 1059 5399 cum
1071 5345 1101 5399 in
1113 5361 1147 5399 66
1159 5344 1363 5410 dormiremus,
1371 5344 1493 5416 contigit
1507 5345 1677 5399 anselmum
1686 5343 1729 5397 sui
1738 5360 1802 5399 cor·

34 5501 39 5504 Ι
135 5436 207 5494 quas
226 5422 326 5475 sallem
351 5422 396 5475 616
414 5422 546 5495 66166666
573 5424 669 5496 copias
690 5424 720 5478 in
742 5424 790 5479 illo
811 5425 942 5497 6666666,
992 5432 1070 5505 66616
1086 5433 1255 5487 necessitate
1271 5432 1383 5486 silentio
1403 5449 1531 5504 surgere,
1548 5435 1639 5500 et,ne
1656 5431 1801 5505 inquieta-

137 5523 227 5587 qoam
243 5508 359 5581 Rogerii
380 5509 459 5565 ducis
480 5513 620 5570 exercitus
640 5530 658 5570 a
676 5514 827 5571 1161666666
850 5516 942 5575 666616
992 5520 1803 5592 66666666666616666666666666166666666666666
