<?xml version="1.0" encoding="UTF-8"?>
<!DOCTYPE html PUBLIC "-//W3C//DTD XHTML 1.0 Transitional//EN"
    "http://www.w3.org/TR/xhtml1/DTD/xhtml1-transitional.dtd">
<html xmlns="http://www.w3.org/1999/xhtml" xml:lang="en" lang="en">
 <head>
  <title>
</title>
<meta http-equiv="Content-Type" content="text/html;charset=utf-8" />
  <meta name='ocr-system' content='tesseract 3.04.00' />
  <meta name='ocr-capabilities' content='ocr_page ocr_carea ocr_par ocr_line ocrx_word'/>
</head>
<body>
  <div class='ocr_page' id='page_1' title='image "./patrologiaecurs30unkngoog_0433.png"; bbox 0 0 3772 5970; ppageno 0'>
   <div class='ocr_carea' id='block_1_1' title="bbox 106 269 157 324">
    <p class='ocr_par' dir='ltr' id='par_1_1' title="bbox 106 269 157 324">
     <span class='ocr_line' id='line_1_1' title="bbox 106 269 157 324; baseline 0 0"><span class='ocrx_word' id='word_1_1' title='bbox 106 269 157 324; x_wconf 76' lang='lat'>855</span> 
     </span>
    </p>
   </div>
   <div class='ocr_carea' id='block_1_2' title="bbox 410 245 1463 327">
    <p class='ocr_par' dir='ltr' id='par_1_2' title="bbox 410 245 1463 327">
     <span class='ocr_line' id='line_1_2' title="bbox 410 245 1463 327; baseline 0.002 -5"><span class='ocrx_word' id='word_1_2' title='bbox 410 265 439 323; x_wconf 88' lang='lat' dir='ltr'>S.</span> <span class='ocrx_word' id='word_1_3' title='bbox 459 264 632 326; x_wconf 77' lang='lat' dir='ltr'>BRUNONIS</span> <span class='ocrx_word' id='word_1_4' title='bbox 654 265 971 327; x_wconf 73' lang='lat' dir='ltr'>cauruusianouuu</span> <span class='ocrx_word' id='word_1_5' title='bbox 989 265 1224 325; x_wconf 74' lang='lat' dir='ltr'>Ixsrrrnronts</span> <span class='ocrx_word' id='word_1_6' title='bbox 1244 265 1321 325; x_wconf 85' lang='lat' dir='ltr'>OPP.</span> <span class='ocrx_word' id='word_1_7' title='bbox 1343 245 1463 326; x_wconf 58' lang='lat' dir='ltr'>PARS!</span> 
     </span>
    </p>
   </div>
   <div class='ocr_carea' id='block_1_3' title="bbox 1719 271 1766 327">
    <p class='ocr_par' dir='ltr' id='par_1_3' title="bbox 1719 271 1766 327">
     <span class='ocr_line' id='line_1_3' title="bbox 1719 271 1766 327; baseline 0.043 -2"><span class='ocrx_word' id='word_1_8' title='bbox 1719 271 1766 327; x_wconf 72' lang='lat'>856</span> 
     </span>
    </p>
   </div>
   <div class='ocr_carea' id='block_1_4' title="bbox 104 390 1769 466">
    <p class='ocr_par' dir='ltr' id='par_1_4' title="bbox 104 390 1769 466">
     <span class='ocr_line' id='line_1_4' title="bbox 104 390 1769 466; baseline 0.002 -20"><span class='ocrx_word' id='word_1_9' title='bbox 104 390 257 460; x_wconf 73' lang='lat' dir='ltr'>invenerit,</span> <span class='ocrx_word' id='word_1_10' title='bbox 274 407 367 465; x_wconf 81' lang='lat' dir='ltr'>grana</span> <span class='ocrx_word' id='word_1_11' title='bbox 384 391 502 465; x_wconf 89' lang='lat' dir='ltr'>quidem</span> <span class='ocrx_word' id='word_1_12' title='bbox 522 411 580 450; x_wconf 90' lang='lat' dir='ltr'>non</span> <span class='ocrx_word' id='word_1_13' title='bbox 603 398 709 457; x_wconf 84' lang='lat' dir='ltr'>moret,</span> <span class='ocrx_word' id='word_1_14' title='bbox 729 395 825 466; x_wconf 86' lang='lat' dir='ltr'>paleas</span> <span class='ocrx_word' id='word_1_15' title='bbox 839 410 905 449; x_wconf 84' lang='lat' dir='ltr'>vcro</span> <span class='ocrx_word' id='word_1_16' title='bbox 925 392 1162 456; x_wconf 82' lang='lat' dir='ltr'>Atribulationos</span> <span class='ocrx_word' id='word_1_17' title='bbox 1186 394 1360 465; x_wconf 77' lang='lat' dir='ltr'>temporales</span> <span class='ocrx_word' id='word_1_18' title='bbox 1379 392 1546 465; x_wconf 81' lang='lat' dir='ltr'>arguissem.</span> <span class='ocrx_word' id='word_1_19' title='bbox 1572 392 1660 449; x_wconf 87' lang='lat' dir='ltr'>Nunc</span> <span class='ocrx_word' id='word_1_20' title='bbox 1675 397 1769 449; x_wconf 85' lang='lat' dir='ltr'>autem</span> 
     </span>
    </p>
   </div>
   <div class='ocr_carea' id='block_1_5' title="bbox 104 479 914 1707">
    <p class='ocr_par' dir='ltr' id='par_1_5' title="bbox 104 479 909 729">
     <span class='ocr_line' id='line_1_5' title="bbox 104 479 907 557; baseline 0.005 -23"><span class='ocrx_word' id='word_1_21' title='bbox 104 479 181 553; x_wconf 89' lang='lat' dir='ltr'>rapit</span> <span class='ocrx_word' id='word_1_22' title='bbox 195 485 220 535; x_wconf 92' lang='lat' dir='ltr'>el</span> <span class='ocrx_word' id='word_1_23' title='bbox 240 480 347 546; x_wconf 81' lang='lat' dir='ltr'>delert3</span> <span class='ocrx_word' id='word_1_24' title='bbox 367 480 405 535; x_wconf 92' lang='lat' dir='ltr'>sic</span> <span class='ocrx_word' id='word_1_25' title='bbox 432 484 460 535; x_wconf 90' lang='lat' dir='ltr'>et</span> <span class='ocrx_word' id='word_1_26' title='bbox 481 481 532 553; x_wconf 84' lang='lat' dir='ltr'>ipsi</span> <span class='ocrx_word' id='word_1_27' title='bbox 558 482 656 538; x_wconf 83' lang='lat' dir='ltr'>sidetes</span> <span class='ocrx_word' id='word_1_28' title='bbox 673 501 731 539; x_wconf 90' lang='lat' dir='ltr'>uon</span> <span class='ocrx_word' id='word_1_29' title='bbox 745 488 907 557; x_wconf 83' lang='lat' dir='ltr'>tangentes,</span> 
     </span>
     <span class='ocr_line' id='line_1_6' title="bbox 105 566 909 644; baseline 0.006 -22"><span class='ocrx_word' id='word_1_30' title='bbox 105 566 237 624; x_wconf 82' lang='lat' dir='ltr'>infideles</span> <span class='ocrx_word' id='word_1_31' title='bbox 253 586 319 625; x_wconf 88' lang='lat' dir='ltr'>rcro</span> <span class='ocrx_word' id='word_1_32' title='bbox 342 569 497 640; x_wconf 88' lang='lat' dir='ltr'>rapientes,</span> <span class='ocrx_word' id='word_1_33' title='bbox 516 570 658 643; x_wconf 83' lang='lat' dir='ltr'>inignem</span> <span class='ocrx_word' id='word_1_34' title='bbox 677 573 830 628; x_wconf 89' lang='lat' dir='ltr'>detrudent</span> <span class='ocrx_word' id='word_1_35' title='bbox 844 589 909 644; x_wconf 90' lang='lat' dir='ltr'>per·</span> 
     </span>
     <span class='ocr_line' id='line_1_7' title="bbox 106 664 237 729; baseline 0.023 -16"><span class='ocrx_word' id='word_1_36' title='bbox 106 664 237 729; x_wconf 86' lang='lat' dir='ltr'>potuum.</span> 
     </span>
    </p>

    <p class='ocr_par' dir='ltr' id='par_1_6' title="bbox 107 746 914 1707">
     <span class='ocr_line' id='line_1_8' title="bbox 143 746 910 821; baseline 0.003 -18"><span class='ocrx_word' id='word_1_37' title='bbox 143 748 277 820; x_wconf 74' lang='lat' dir='ltr'><strong>Sequitur</strong></span> <span class='ocrx_word' id='word_1_38' title='bbox 288 746 462 815; x_wconf 67' lang='lat' dir='ltr'>:detrectabit</span> <span class='ocrx_word' id='word_1_39' title='bbox 481 750 557 821; x_wconf 90' lang='lat' dir='ltr'>quod</span> <span class='ocrx_word' id='word_1_40' title='bbox 573 749 611 804; x_wconf 83' lang='lat' dir='ltr'>sic</span> <span class='ocrx_word' id='word_1_41' title='bbox 627 751 810 806; x_wconf 65' lang='lat' dir='ltr'>continuatur</span> <span class='ocrx_word' id='word_1_42' title='bbox 825 750 910 806; x_wconf 88' lang='lat' dir='ltr'>:Dico</span> 
     </span>
     <span class='ocr_line' id='line_1_9' title="bbox 108 836 912 910; baseline 0 -18"><span class='ocrx_word' id='word_1_43' title='bbox 108 838 186 910; x_wconf 90' lang='lat' dir='ltr'>qnod</span> <span class='ocrx_word' id='word_1_44' title='bbox 200 836 271 891; x_wconf 79' lang='lat' dir='ltr'>Deos</span> <span class='ocrx_word' id='word_1_45' title='bbox 288 838 429 908; x_wconf 72' lang='lat' dir='ltr'>inertiseste</span> <span class='ocrx_word' id='word_1_46' title='bbox 448 841 542 893; x_wconf 80' lang='lat' dir='ltr'>veniet.</span> <span class='ocrx_word' id='word_1_47' title='bbox 567 838 619 902; x_wconf 83' lang='lat' dir='ltr'>Qui</span> <span class='ocrx_word' id='word_1_48' title='bbox 643 840 760 894; x_wconf 82' lang='lat' dir='ltr'>veniens</span> <span class='ocrx_word' id='word_1_49' title='bbox 783 839 912 895; x_wconf 87' lang='lat' dir='ltr'>localiter</span> 
     </span>
     <span class='ocr_line' id='line_1_10' title="bbox 108 924 913 999; baseline -0.001 -18"><span class='ocrx_word' id='word_1_50' title='bbox 108 924 382 992; x_wconf 81' lang='lat' dir='ltr'>‹lesursnm,idestde</span> <span class='ocrx_word' id='word_1_51' title='bbox 392 925 505 980; x_wconf 86' lang='lat' dir='ltr'>sublimi</span> <span class='ocrx_word' id='word_1_52' title='bbox 523 926 590 980; x_wconf 88' lang='lat' dir='ltr'>sede</span> <span class='ocrx_word' id='word_1_53' title='bbox 601 927 672 997; x_wconf 87' lang='lat' dir='ltr'>ejus,</span> <span class='ocrx_word' id='word_1_54' title='bbox 680 945 743 999; x_wconf 84' lang='lat' dir='ltr'>quae</span> <span class='ocrx_word' id='word_1_55' title='bbox 751 932 793 982; x_wconf 91' lang='lat' dir='ltr'>est</span> <span class='ocrx_word' id='word_1_56' title='bbox 803 926 913 982; x_wconf 83' lang='lat' dir='ltr'>addex-</span> 
     </span>
     <span class='ocr_line' id='line_1_11' title="bbox 108 1013 910 1089; baseline 0 -19"><span class='ocrx_word' id='word_1_57' title='bbox 108 1020 200 1070; x_wconf 88' lang='lat' dir='ltr'>ieram</span> <span class='ocrx_word' id='word_1_58' title='bbox 213 1013 312 1080; x_wconf 74' lang='lat' dir='ltr'>Patria,</span> <span class='ocrx_word' id='word_1_59' title='bbox 324 1013 462 1068; x_wconf 72' lang='lat' dir='ltr'><em>advocabit</em></span> <span class='ocrx_word' id='word_1_60' title='bbox 473 1015 574 1083; x_wconf 78' lang='lat' dir='ltr'>cetarii,</span> <span class='ocrx_word' id='word_1_61' title='bbox 583 1016 611 1071; x_wconf 91' lang='lat' dir='ltr'>id</span> <span class='ocrx_word' id='word_1_62' title='bbox 627 1021 670 1071; x_wconf 93' lang='lat' dir='ltr'>cst</span> <span class='ocrx_word' id='word_1_63' title='bbox 680 1016 910 1089; x_wconf 76' lang='lat' dir='ltr'>perfectissimos,</span> 
     </span>
     <span class='ocr_line' id='line_1_12' title="bbox 109 1103 912 1178; baseline 0 -19"><span class='ocrx_word' id='word_1_64' title='bbox 109 1111 133 1159; x_wconf 88' lang='lat' dir='ltr'>et</span> <span class='ocrx_word' id='word_1_65' title='bbox 149 1111 257 1170; x_wconf 83' lang='lat' dir='ltr'>terrem,</span> <span class='ocrx_word' id='word_1_66' title='bbox 273 1103 369 1158; x_wconf 87' lang='lat' dir='ltr'>miuus</span> <span class='ocrx_word' id='word_1_67' title='bbox 394 1104 546 1175; x_wconf 86' lang='lat' dir='ltr'>perlectos,</span> <span class='ocrx_word' id='word_1_68' title='bbox 575 1106 673 1161; x_wconf 86' lang='lat' dir='ltr'>voleus</span> <span class='ocrx_word' id='word_1_69' title='bbox 699 1123 751 1178; x_wconf 88' lang='lat' dir='ltr'>per</span> <span class='ocrx_word' id='word_1_70' title='bbox 772 1105 912 1176; x_wconf 87' lang='lat' dir='ltr'>judicium</span> 
     </span>
     <span class='ocr_line' id='line_1_13' title="bbox 109 1193 914 1265; baseline 0 -17"><span class='ocrx_word' id='word_1_71' title='bbox 109 1193 170 1248; x_wconf 76' lang='lat' dir='ltr'>cati</span> <span class='ocrx_word' id='word_1_72' title='bbox 186 1193 347 1247; x_wconf 88' lang='lat' dir='ltr'>discernere</span> <span class='ocrx_word' id='word_1_73' title='bbox 365 1193 505 1265; x_wconf 90' lang='lat' dir='ltr'>populum</span> <span class='ocrx_word' id='word_1_74' title='bbox 523 1211 618 1256; x_wconf 87' lang='lat' dir='ltr'>suum,</span> <span class='ocrx_word' id='word_1_75' title='bbox 637 1195 723 1248; x_wconf 89' lang='lat' dir='ltr'>idest</span> <span class='ocrx_word' id='word_1_76' title='bbox 742 1194 838 1248; x_wconf 76' lang='lat' dir='ltr'>suiuus</span> <span class='ocrx_word' id='word_1_77' title='bbox 851 1210 914 1264; x_wconf 88' lang='lat' dir='ltr'>per-</span> 
     </span>
     <span class='ocr_line' id='line_1_14' title="bbox 107 1279 912 1352; baseline 0 -16"><span class='ocrx_word' id='word_1_78' title='bbox 107 1279 419 1336; x_wconf 83' lang='lat' dir='ltr'>fectosadamnaudis.</span> <span class='ocrx_word' id='word_1_79' title='bbox 436 1281 520 1334; x_wconf 80' lang='lat' dir='ltr'>iuxta</span> <span class='ocrx_word' id='word_1_80' title='bbox 536 1281 698 1352; x_wconf 89' lang='lat' dir='ltr'>quodidem</span> <span class='ocrx_word' id='word_1_81' title='bbox 716 1282 744 1335; x_wconf 93' lang='lat' dir='ltr'>iu</span> <span class='ocrx_word' id='word_1_82' title='bbox 761 1280 912 1352; x_wconf 81' lang='lat' dir='ltr'>Erairgelio</span> 
     </span>
     <span class='ocr_line' id='line_1_15' title="bbox 108 1367 914 1440; baseline 0 -16"><span class='ocrx_word' id='word_1_83' title='bbox 108 1368 193 1424; x_wconf 88' lang='lat' dir='ltr'>dicit:</span> <span class='ocrx_word' id='word_1_84' title='bbox 206 1392 220 1417; x_wconf 91' lang='lat'>«</span> <span class='ocrx_word' id='word_1_85' title='bbox 237 1367 378 1423; x_wconf 73' lang='lat' dir='ltr'>sedebitis</span> <span class='ocrx_word' id='word_1_86' title='bbox 390 1369 566 1440; x_wconf 87' lang='lat' dir='ltr'>supersedes</span> <span class='ocrx_word' id='word_1_87' title='bbox 581 1368 742 1436; x_wconf 77' lang='lat' dir='ltr'>duodecim,</span> <span class='ocrx_word' id='word_1_88' title='bbox 752 1368 914 1440; x_wconf 87' lang='lat' dir='ltr'>judicantes</span> 
     </span>
     <span class='ocr_line' id='line_1_16' title="bbox 109 1455 913 1526; baseline 0.001 -14"><span class='ocrx_word' id='word_1_89' title='bbox 109 1456 263 1512; x_wconf 83' lang='lat' dir='ltr'>duodecim</span> <span class='ocrx_word' id='word_1_90' title='bbox 274 1456 364 1510; x_wconf 91' lang='lat' dir='ltr'>tribus</span> <span class='ocrx_word' id='word_1_91' title='bbox 378 1457 462 1510; x_wconf 90' lang='lat' dir='ltr'>lsrael</span> <span class='ocrx_word' id='word_1_92' title='bbox 484 1455 583 1526; x_wconf 80' lang='lat' dir='ltr'>(lietb.</span> <span class='ocrx_word' id='word_1_93' title='bbox 607 1475 662 1524; x_wconf 82' lang='lat' dir='ltr'>xix,</span> <span class='ocrx_word' id='word_1_94' title='bbox 682 1461 714 1512; x_wconf 68' lang='lat'>28</span> <span class='ocrx_word' id='word_1_95' title='bbox 728 1476 736 1522; x_wconf 72' lang='grc' dir='ltr'><strong><em>ς</em></strong></span> <span class='ocrx_word' id='word_1_96' title='bbox 751 1457 816 1525; x_wconf 82' lang='lat' dir='ltr'>Luc,</span> <span class='ocrx_word' id='word_1_97' title='bbox 836 1475 913 1520; x_wconf 82' lang='lat' dir='ltr'>xxiii,</span> 
     </span>
     <span class='ocr_line' id='line_1_17' title="bbox 110 1545 914 1619; baseline -0.001 -18"><span class='ocrx_word' id='word_1_98' title='bbox 110 1545 166 1619; x_wconf 79' lang='lat'>30).</span> <span class='ocrx_word' id='word_1_99' title='bbox 179 1568 192 1593; x_wconf 78' lang='lat' dir='ltr'>r</span> <span class='ocrx_word' id='word_1_100' title='bbox 205 1545 277 1599; x_wconf 87' lang='lat' dir='ltr'>Cum</span> <span class='ocrx_word' id='word_1_101' title='bbox 289 1545 603 1615; x_wconf 67' lang='lat' dir='ltr'>dicitcoaqrepotactn,</span> <span class='ocrx_word' id='word_1_102' title='bbox 616 1546 784 1601; x_wconf 70' lang='lat' dir='ltr'>adhortatur</span> <span class='ocrx_word' id='word_1_103' title='bbox 797 1547 914 1618; x_wconf 76' lang='lat' dir='ltr'>angelos</span> 
     </span>
     <span class='ocr_line' id='line_1_18' title="bbox 110 1634 912 1707; baseline 0 -16"><span class='ocrx_word' id='word_1_104' title='bbox 110 1634 398 1691; x_wconf 85' lang='lat' dir='ltr'>bonosexatlectione</span> <span class='ocrx_word' id='word_1_105' title='bbox 414 1634 549 1690; x_wconf 87' lang='lat' dir='ltr'>uiminad</span> <span class='ocrx_word' id='word_1_106' title='bbox 560 1637 797 1707; x_wconf 86' lang='lat' dir='ltr'>congregandum</span> <span class='ocrx_word' id='word_1_107' title='bbox 811 1638 912 1703; x_wconf 89' lang='lat' dir='ltr'>bonos,</span> 
     </span>
    </p>
   </div>
   <div class='ocr_carea' id='block_1_6' title="bbox 961 476 1771 1705">
    <p class='ocr_par' dir='ltr' id='par_1_7' title="bbox 961 476 1771 1705">
     <span class='ocr_line' id='line_1_19' title="bbox 962 476 1767 555; baseline 0.002 -19"><span class='ocrx_word' id='word_1_108' title='bbox 962 482 1029 554; x_wconf 87' lang='lat' dir='ltr'>quia</span> <span class='ocrx_word' id='word_1_109' title='bbox 1043 482 1125 554; x_wconf 88' lang='lat' dir='ltr'>sigua</span> <span class='ocrx_word' id='word_1_110' title='bbox 1140 500 1198 539; x_wconf 89' lang='lat' dir='ltr'>non</span> <span class='ocrx_word' id='word_1_111' title='bbox 1210 486 1275 537; x_wconf 87' lang='lat' dir='ltr'>suut</span> <span class='ocrx_word' id='word_1_112' title='bbox 1288 498 1369 536; x_wconf 68' lang='lat' dir='ltr'>uorsa</span> <span class='ocrx_word' id='word_1_113' title='bbox 1383 480 1452 555; x_wconf 86' lang='lat' dir='ltr'>legis</span> <span class='ocrx_word' id='word_1_114' title='bbox 1460 476 1523 554; x_wconf 83' lang='lat' dir='ltr'>jam</span> <span class='ocrx_word' id='word_1_115' title='bbox 1542 481 1767 548; x_wconf 57' lang='lat' dir='ltr'>existentiarum</span> 
     </span>
     <span class='ocr_line' id='line_1_20' title="bbox 961 569 1768 642; baseline 0.002 -19"><span class='ocrx_word' id='word_1_116' title='bbox 961 589 1073 642; x_wconf 76' lang='lat' dir='ltr'>‹rr-paam</span> <span class='ocrx_word' id='word_1_117' title='bbox 1084 579 1107 625; x_wconf 89' lang='lat' dir='ltr'>te</span> <span class='ocrx_word' id='word_1_118' title='bbox 1122 570 1144 625; x_wconf 85' lang='lat' dir='ltr'>si</span> <span class='ocrx_word' id='word_1_119' title='bbox 1159 587 1218 625; x_wconf 92' lang='lat' dir='ltr'>nou</span> <span class='ocrx_word' id='word_1_120' title='bbox 1233 569 1379 637; x_wconf 73' lang='lat' dir='ltr'>obtuleris,</span> <span class='ocrx_word' id='word_1_121' title='bbox 1405 569 1472 642; x_wconf 91' lang='lat' dir='ltr'>quia</span> <span class='ocrx_word' id='word_1_122' title='bbox 1486 571 1595 626; x_wconf 90' lang='lat' dir='ltr'>amodo</span> <span class='ocrx_word' id='word_1_123' title='bbox 1618 586 1685 626; x_wconf 91' lang='lat' dir='ltr'>non</span> <span class='ocrx_word' id='word_1_124' title='bbox 1705 586 1768 625; x_wconf 89' lang='lat' dir='ltr'>curo</span> 
     </span>
     <span class='ocr_line' id='line_1_21' title="bbox 961 658 1768 733; baseline -0.002 -16"><span class='ocrx_word' id='word_1_125' title='bbox 961 678 1005 728; x_wconf 78' lang='lat' dir='ltr'>ea3</span> <span class='ocrx_word' id='word_1_126' title='bbox 1013 662 1163 715; x_wconf 72' lang='lat' dir='ltr'>holocausto</span> <span class='ocrx_word' id='word_1_127' title='bbox 1172 666 1260 714; x_wconf 80' lang='lat' dir='ltr'>aretem</span> <span class='ocrx_word' id='word_1_128' title='bbox 1270 666 1316 713; x_wconf 85' lang='lat' dir='ltr'>tuo</span> <span class='ocrx_word' id='word_1_129' title='bbox 1326 658 1485 731; x_wconf 82' lang='lat' dir='ltr'>significate</span> <span class='ocrx_word' id='word_1_130' title='bbox 1499 676 1560 715; x_wconf 89' lang='lat' dir='ltr'>nou</span> <span class='ocrx_word' id='word_1_131' title='bbox 1570 658 1768 733; x_wconf 76' lang='lat' dir='ltr'>significantia</span> 
     </span>
     <span class='ocr_line' id='line_1_22' title="bbox 961 748 1770 822; baseline 0.001 -19"><span class='ocrx_word' id='word_1_132' title='bbox 961 752 1028 803; x_wconf 89' lang='lat' dir='ltr'>suut</span> <span class='ocrx_word' id='word_1_133' title='bbox 1038 766 1140 820; x_wconf 78' lang='lat' dir='ltr'>seraper</span> <span class='ocrx_word' id='word_1_134' title='bbox 1151 751 1177 803; x_wconf 87' lang='lat' dir='ltr'>in</span> <span class='ocrx_word' id='word_1_135' title='bbox 1188 755 1324 819; x_wconf 75' lang='lat' dir='ltr'>conspectu</span> <span class='ocrx_word' id='word_1_136' title='bbox 1338 765 1404 817; x_wconf 76' lang='lat' dir='ltr'>cneo,</span> <span class='ocrx_word' id='word_1_137' title='bbox 1414 748 1497 804; x_wconf 87' lang='lat' dir='ltr'>idest</span> <span class='ocrx_word' id='word_1_138' title='bbox 1506 748 1536 803; x_wconf 90' lang='lat' dir='ltr'>iu</span> <span class='ocrx_word' id='word_1_139' title='bbox 1546 748 1770 822; x_wconf 77' lang='lat' dir='ltr'>beneplacentia</span> 
     </span>
     <span class='ocr_line' id='line_1_23' title="bbox 962 836 1770 908; baseline 0 -16"><span class='ocrx_word' id='word_1_140' title='bbox 962 855 1047 905; x_wconf 89' lang='lat' dir='ltr'>mca;</span> <span class='ocrx_word' id='word_1_141' title='bbox 1064 836 1142 908; x_wconf 89' lang='lat' dir='ltr'>quod</span> <span class='ocrx_word' id='word_1_142' title='bbox 1155 840 1197 890; x_wconf 86' lang='lat' dir='ltr'>est</span> <span class='ocrx_word' id='word_1_143' title='bbox 1213 836 1306 891; x_wconf 88' lang='lat' dir='ltr'>dicere</span> <span class='ocrx_word' id='word_1_144' title='bbox 1324 852 1330 890; x_wconf 95' lang='lat'>:</span> <span class='ocrx_word' id='word_1_145' title='bbox 1353 836 1519 891; x_wconf 87' lang='lat' dir='ltr'>holocausta</span> <span class='ocrx_word' id='word_1_146' title='bbox 1538 854 1599 892; x_wconf 92' lang='lat' dir='ltr'>nou</span> <span class='ocrx_word' id='word_1_147' title='bbox 1624 837 1663 892; x_wconf 89' lang='lat' dir='ltr'>de</span> <span class='ocrx_word' id='word_1_148' title='bbox 1684 837 1770 893; x_wconf 74' lang='lat' dir='ltr'>hobus</span> 
     </span>
     <span class='ocr_line' id='line_1_24' title="bbox 962 924 1769 993; baseline -0.001 -11"><span class='ocrx_word' id='word_1_149' title='bbox 962 930 991 982; x_wconf 88' lang='lat' dir='ltr'>et</span> <span class='ocrx_word' id='word_1_150' title='bbox 1003 925 1113 980; x_wconf 85' lang='lat' dir='ltr'>certeris</span> <span class='ocrx_word' id='word_1_151' title='bbox 1132 924 1314 993; x_wconf 85' lang='lat' dir='ltr'>animalibus,</span> <span class='ocrx_word' id='word_1_152' title='bbox 1339 925 1389 979; x_wconf 92' lang='lat' dir='ltr'>sed</span> <span class='ocrx_word' id='word_1_153' title='bbox 1415 925 1583 980; x_wconf 85' lang='lat' dir='ltr'>holocausta</span> <span class='ocrx_word' id='word_1_154' title='bbox 1606 928 1673 993; x_wconf 87' lang='lat' dir='ltr'>tua,</span> <span class='ocrx_word' id='word_1_155' title='bbox 1690 925 1769 981; x_wconf 86' lang='lat' dir='ltr'>idest</span> 
     </span>
     <span class='ocr_line' id='line_1_25' title="bbox 962 1012 1768 1087; baseline 0 -18"><span class='ocrx_word' id='word_1_156' title='bbox 962 1014 998 1070; x_wconf 90' lang='lat' dir='ltr'>de</span> <span class='ocrx_word' id='word_1_157' title='bbox 1012 1012 1195 1069; x_wconf 86' lang='lat' dir='ltr'>telactamihi</span> <span class='ocrx_word' id='word_1_158' title='bbox 1211 1014 1336 1086; x_wconf 89' lang='lat' dir='ltr'>placent,</span> <span class='ocrx_word' id='word_1_159' title='bbox 1345 1012 1372 1068; x_wconf 93' lang='lat' dir='ltr'>id</span> <span class='ocrx_word' id='word_1_160' title='bbox 1384 1016 1427 1068; x_wconf 86' lang='lat' dir='ltr'>esi</span> <span class='ocrx_word' id='word_1_161' title='bbox 1441 1012 1462 1069; x_wconf 92' lang='lat' dir='ltr'>si</span> <span class='ocrx_word' id='word_1_162' title='bbox 1474 1014 1522 1068; x_wconf 91' lang='lat' dir='ltr'>tua</span> <span class='ocrx_word' id='word_1_163' title='bbox 1534 1013 1604 1069; x_wconf 84' lang='lat' dir='ltr'>vitia</span> <span class='ocrx_word' id='word_1_164' title='bbox 1616 1013 1768 1087; x_wconf 89' lang='lat' dir='ltr'>penitusiu</span> 
     </span>
     <span class='ocr_line' id='line_1_26' title="bbox 961 1100 1768 1175; baseline 0 -18"><span class='ocrx_word' id='word_1_165' title='bbox 961 1106 990 1157; x_wconf 92' lang='lat' dir='ltr'>te</span> <span class='ocrx_word' id='word_1_166' title='bbox 1004 1102 1094 1157; x_wconf 85' lang='lat' dir='ltr'>sancti</span> <span class='ocrx_word' id='word_1_167' title='bbox 1109 1101 1230 1175; x_wconf 87' lang='lat' dir='ltr'>Spiritus</span> <span class='ocrx_word' id='word_1_168' title='bbox 1246 1101 1312 1173; x_wconf 83' lang='lat' dir='ltr'>igne</span> <span class='ocrx_word' id='word_1_169' title='bbox 1332 1101 1532 1171; x_wconf 83' lang='lat' dir='ltr'>combusseris,</span> <span class='ocrx_word' id='word_1_170' title='bbox 1555 1104 1587 1156; x_wconf 93' lang='lat' dir='ltr'>et</span> <span class='ocrx_word' id='word_1_171' title='bbox 1601 1100 1627 1157; x_wconf 90' lang='lat' dir='ltr'>si</span> <span class='ocrx_word' id='word_1_172' title='bbox 1652 1105 1683 1156; x_wconf 90' lang='lat' dir='ltr'>te</span> <span class='ocrx_word' id='word_1_173' title='bbox 1703 1102 1768 1158; x_wconf 78' lang='lat' dir='ltr'>milri</span> 
     </span>
     <span class='ocr_line' id='line_1_27' title="bbox 963 1189 1769 1262; baseline 0 -17"><span class='ocrx_word' id='word_1_174' title='bbox 963 1195 1055 1246; x_wconf 90' lang='lat' dir='ltr'>totum</span> <span class='ocrx_word' id='word_1_175' title='bbox 1072 1189 1218 1258; x_wconf 87' lang='lat' dir='ltr'>obtuleris,</span> <span class='ocrx_word' id='word_1_176' title='bbox 1234 1189 1311 1262; x_wconf 93' lang='lat' dir='ltr'>quod</span> <span class='ocrx_word' id='word_1_177' title='bbox 1328 1189 1533 1261; x_wconf 82' lang='lat' dir='ltr'>designabatur</span> <span class='ocrx_word' id='word_1_178' title='bbox 1549 1206 1604 1262; x_wconf 89' lang='lat' dir='ltr'>per</span> <span class='ocrx_word' id='word_1_179' title='bbox 1620 1191 1769 1248; x_wconf 86' lang='lat' dir='ltr'>holocaus-</span> 
     </span>
     <span class='ocr_line' id='line_1_28' title="bbox 963 1277 1768 1349; baseline 0.004 -19"><span class='ocrx_word' id='word_1_180' title='bbox 963 1280 1025 1330; x_wconf 90' lang='lat' dir='ltr'>tum</span> <span class='ocrx_word' id='word_1_181' title='bbox 1037 1294 1088 1348; x_wconf 90' lang='lat' dir='ltr'>pro</span> <span class='ocrx_word' id='word_1_182' title='bbox 1099 1280 1216 1348; x_wconf 90' lang='lat' dir='ltr'>peccato</span> <span class='ocrx_word' id='word_1_183' title='bbox 1227 1277 1333 1331; x_wconf 85' lang='lat' dir='ltr'>sactum</span> <span class='ocrx_word' id='word_1_184' title='bbox 1344 1277 1521 1349; x_wconf 90' lang='lat' dir='ltr'>quodtotum</span> <span class='ocrx_word' id='word_1_185' title='bbox 1527 1278 1768 1347; x_wconf 88' lang='lat' dir='ltr'>comburebatur,</span> 
     </span>
     <span class='ocr_line' id='line_1_29' title="bbox 963 1365 1770 1441; baseline 0.004 -23"><span class='ocrx_word' id='word_1_186' title='bbox 963 1365 1033 1419; x_wconf 91' lang='lat' dir='ltr'>illud</span> <span class='ocrx_word' id='word_1_187' title='bbox 1044 1365 1112 1419; x_wconf 80' lang='lat' dir='ltr'>milii</span> <span class='ocrx_word' id='word_1_188' title='bbox 1121 1365 1253 1439; x_wconf 85' lang='lat' dir='ltr'>placebit.</span> <span class='ocrx_word' id='word_1_189' title='bbox 1265 1365 1410 1441; x_wconf 73' lang='lat' dir='ltr'>Quiarero</span> <span class='ocrx_word' id='word_1_190' title='bbox 1420 1365 1530 1422; x_wconf 83' lang='lat' dir='ltr'>dixerat</span> <span class='ocrx_word' id='word_1_191' title='bbox 1541 1366 1715 1435; x_wconf 83' lang='lat' dir='ltr'>indefinite,</span> <span class='ocrx_word' id='word_1_192' title='bbox 1725 1385 1770 1422; x_wconf 76' lang='lat' dir='ltr'>aon</span> 
     </span>
     <span class='ocr_line' id='line_1_30' title="bbox 964 1455 1768 1527; baseline 0.004 -18"><span class='ocrx_word' id='word_1_193' title='bbox 964 1455 1257 1526; x_wconf 70' lang='lat' dir='ltr'>irretierifieiisorqaom</span> <span class='ocrx_word' id='word_1_194' title='bbox 1269 1461 1302 1522; x_wconf 89' lang='lat' dir='ltr'>te,</span> <span class='ocrx_word' id='word_1_195' title='bbox 1315 1471 1366 1526; x_wconf 89' lang='lat' dir='ltr'>per</span> <span class='ocrx_word' id='word_1_196' title='bbox 1376 1459 1472 1527; x_wconf 87' lang='lat' dir='ltr'>partes</span> <span class='ocrx_word' id='word_1_197' title='bbox 1482 1457 1537 1512; x_wconf 90' lang='lat' dir='ltr'>hoc</span> <span class='ocrx_word' id='word_1_198' title='bbox 1552 1460 1701 1524; x_wconf 76' lang='lat' dir='ltr'>removet,</span> <span class='ocrx_word' id='word_1_199' title='bbox 1714 1456 1749 1513; x_wconf 87' lang='lat' dir='ltr'>sie</span> <span class='ocrx_word' id='word_1_200' title='bbox 1762 1474 1768 1512; x_wconf 94' lang='lat'>:</span> 
     </span>
     <span class='ocr_line' id='line_1_31' title="bbox 964 1545 1770 1618; baseline 0.005 -22"><span class='ocrx_word' id='word_1_201' title='bbox 964 1561 1030 1598; x_wconf 82' lang='lat' dir='ltr'>rere</span> <span class='ocrx_word' id='word_1_202' title='bbox 1044 1561 1096 1596; x_wconf 83' lang='lat' dir='ltr'>non</span> <span class='ocrx_word' id='word_1_203' title='bbox 1104 1560 1218 1614; x_wconf 73' lang='lat' dir='ltr'>erptiam</span> <span class='ocrx_word' id='word_1_204' title='bbox 1230 1551 1254 1598; x_wconf 90' lang='lat' dir='ltr'>te</span> <span class='ocrx_word' id='word_1_205' title='bbox 1267 1546 1294 1597; x_wconf 85' lang='lat' dir='ltr'>in</span> <span class='ocrx_word' id='word_1_206' title='bbox 1307 1545 1524 1613; x_wconf 68' lang='lat' dir='ltr'>sacrifici-tranen</span> <span class='ocrx_word' id='word_1_207' title='bbox 1541 1545 1625 1600; x_wconf 90' lang='lat' dir='ltr'>euim</span> <span class='ocrx_word' id='word_1_208' title='bbox 1646 1548 1770 1618; x_wconf 74' lang='lat' dir='ltr'>accipiam</span> 
     </span>
     <span class='ocr_line' id='line_1_32' title="bbox 964 1617 1771 1705; baseline 0.002 -18"><span class='ocrx_word' id='word_1_209' title='bbox 964 1633 1035 1687; x_wconf 80' lang='lat' dir='ltr'>altro</span> <span class='ocrx_word' id='word_1_210' title='bbox 1049 1632 1156 1695; x_wconf 79' lang='lat' dir='ltr'>citatis,</span> <span class='ocrx_word' id='word_1_211' title='bbox 1172 1632 1201 1687; x_wconf 90' lang='lat' dir='ltr'>id</span> <span class='ocrx_word' id='word_1_212' title='bbox 1228 1636 1271 1688; x_wconf 84' lang='lat' dir='ltr'>est</span> <span class='ocrx_word' id='word_1_213' title='bbox 1295 1631 1433 1687; x_wconf 85' lang='lat' dir='ltr'>sacrificia</span> <span class='ocrx_word' id='word_1_214' title='bbox 1452 1617 1536 1705; x_wconf 82' lang='grc'>165</span> <span class='ocrx_word' id='word_1_215' title='bbox 1556 1635 1727 1702; x_wconf 77' lang='lat' dir='ltr'>vitulorum,</span> <span class='ocrx_word' id='word_1_216' title='bbox 1744 1635 1771 1689; x_wconf 83' lang='lat' dir='ltr'>de</span> 
     </span>
    </p>
   </div>
   <div class='ocr_carea' id='block_1_7' title="bbox 110 1720 1771 1796">
    <p class='ocr_par' dir='ltr' id='par_1_8' title="bbox 110 1720 1771 1796">
     <span class='ocr_line' id='line_1_33' title="bbox 110 1720 1771 1796; baseline -0.002 -17"><span class='ocrx_word' id='word_1_217' title='bbox 110 1723 149 1778; x_wconf 89' lang='lat' dir='ltr'>sic</span> <span class='ocrx_word' id='word_1_218' title='bbox 166 1742 172 1778; x_wconf 93' lang='lat'><strong>:</strong></span> <span class='ocrx_word' id='word_1_219' title='bbox 190 1722 424 1794; x_wconf 85' lang='lat' dir='ltr'>quandoquidem</span> <span class='ocrx_word' id='word_1_220' title='bbox 452 1727 609 1796; x_wconf 83' lang='lat' dir='ltr'>tempestas</span> <span class='ocrx_word' id='word_1_221' title='bbox 622 1724 714 1795; x_wconf 89' lang='lat' dir='ltr'>rapiet</span> <span class='ocrx_word' id='word_1_222' title='bbox 729 1724 844 1796; x_wconf 89' lang='lat' dir='ltr'>impios,</span> <span class='ocrx_word' id='word_1_223' title='bbox 867 1741 915 1778; x_wconf 81' lang='lat' dir='ltr'>ros</span> <span class='ocrx_word' id='word_1_224' title='bbox 927 1722 950 1780; x_wconf 88' lang='lat' dir='ltr'>B</span> <span class='ocrx_word' id='word_1_225' title='bbox 964 1720 1050 1787; x_wconf 72' lang='lat' dir='ltr'>dorico,</span> <span class='ocrx_word' id='word_1_226' title='bbox 1067 1720 1097 1774; x_wconf 93' lang='lat' dir='ltr'>id</span> <span class='ocrx_word' id='word_1_227' title='bbox 1112 1724 1154 1774; x_wconf 91' lang='lat' dir='ltr'>est</span> <span class='ocrx_word' id='word_1_228' title='bbox 1165 1721 1199 1776; x_wconf 92' lang='lat' dir='ltr'>de</span> <span class='ocrx_word' id='word_1_229' title='bbox 1219 1721 1329 1775; x_wconf 88' lang='lat' dir='ltr'>familia</span> <span class='ocrx_word' id='word_1_230' title='bbox 1342 1725 1400 1776; x_wconf 87' lang='lat' dir='ltr'>tna.</span> <span class='ocrx_word' id='word_1_231' title='bbox 1415 1721 1512 1794; x_wconf 83' lang='lat' dir='ltr'>Neque</span> <span class='ocrx_word' id='word_1_232' title='bbox 1524 1723 1673 1796; x_wconf 87' lang='lat' dir='ltr'>accipiam</span> <span class='ocrx_word' id='word_1_233' title='bbox 1682 1725 1771 1791; x_wconf 65' lang='lat' dir='ltr'>trimos,</span> 
     </span>
    </p>
   </div>
   <div class='ocr_carea' id='block_1_8' title="bbox 110 1811 920 2857">
    <p class='ocr_par' dir='ltr' id='par_1_9' title="bbox 110 1811 920 2857">
     <span class='ocr_line' id='line_1_34' title="bbox 110 1811 915 1883; baseline 0.001 -17"><span class='ocrx_word' id='word_1_234' title='bbox 110 1812 205 1883; x_wconf 86' lang='lat' dir='ltr'>augeli</span> <span class='ocrx_word' id='word_1_235' title='bbox 219 1811 297 1877; x_wconf 79' lang='lat' dir='ltr'>lroui,</span> <span class='ocrx_word' id='word_1_236' title='bbox 309 1828 433 1883; x_wconf 76' lang='lat' dir='ltr'>quinum</span> <span class='ocrx_word' id='word_1_237' title='bbox 451 1812 610 1866; x_wconf 87' lang='lat' dir='ltr'>ministerio</span> <span class='ocrx_word' id='word_1_238' title='bbox 623 1813 712 1868; x_wconf 85' lang='lat' dir='ltr'>sancti</span> <span class='ocrx_word' id='word_1_239' title='bbox 730 1811 915 1867; x_wconf 86' lang='lat' dir='ltr'>ducenturad</span> 
     </span>
     <span class='ocr_line' id='line_1_35' title="bbox 111 1899 915 1973; baseline 0 -19"><span class='ocrx_word' id='word_1_240' title='bbox 111 1900 244 1973; x_wconf 87' lang='lat' dir='ltr'>gloriam,</span> <span class='ocrx_word' id='word_1_241' title='bbox 258 1907 413 1969; x_wconf 78' lang='lat' dir='ltr'>conpreqote</span> <span class='ocrx_word' id='word_1_242' title='bbox 438 1899 489 1967; x_wconf 94' lang='lat' dir='ltr'>illi,</span> <span class='ocrx_word' id='word_1_243' title='bbox 506 1900 536 1954; x_wconf 90' lang='lat' dir='ltr'>id</span> <span class='ocrx_word' id='word_1_244' title='bbox 556 1904 598 1955; x_wconf 88' lang='lat' dir='ltr'>est</span> <span class='ocrx_word' id='word_1_245' title='bbox 619 1902 654 1956; x_wconf 86' lang='lat' dir='ltr'>ad</span> <span class='ocrx_word' id='word_1_246' title='bbox 675 1902 816 1956; x_wconf 88' lang='lat' dir='ltr'>honorem</span> <span class='ocrx_word' id='word_1_247' title='bbox 842 1901 915 1955; x_wconf 88' lang='lat' dir='ltr'>illius</span> 
     </span>
     <span class='ocr_line' id='line_1_36' title="bbox 112 1988 916 2057; baseline 0.001 -15"><span class='ocrx_word' id='word_1_248' title='bbox 112 1988 172 2042; x_wconf 85' lang='lat' dir='ltr'>Filii</span> <span class='ocrx_word' id='word_1_249' title='bbox 183 1993 286 2042; x_wconf 77' lang='lat' dir='ltr'>coactos</span> <span class='ocrx_word' id='word_1_250' title='bbox 300 1988 367 2057; x_wconf 76' lang='lat' dir='ltr'>ejus,</span> <span class='ocrx_word' id='word_1_251' title='bbox 382 1988 409 2041; x_wconf 92' lang='lat' dir='ltr'>id</span> <span class='ocrx_word' id='word_1_252' title='bbox 426 1991 469 2042; x_wconf 88' lang='lat' dir='ltr'>est</span> <span class='ocrx_word' id='word_1_253' title='bbox 484 1989 586 2043; x_wconf 72' lang='lat' dir='ltr'>coelum</span> <span class='ocrx_word' id='word_1_254' title='bbox 605 1994 633 2043; x_wconf 90' lang='lat' dir='ltr'>et</span> <span class='ocrx_word' id='word_1_255' title='bbox 648 1993 767 2047; x_wconf 90' lang='lat' dir='ltr'>terram.</span> <span class='ocrx_word' id='word_1_256' title='bbox 780 1991 813 2043; x_wconf 90' lang='lat' dir='ltr'>Et</span> <span class='ocrx_word' id='word_1_257' title='bbox 824 1989 916 2043; x_wconf 89' lang='lat' dir='ltr'>deter-</span> 
     </span>
     <span class='ocr_line' id='line_1_37' title="bbox 111 2076 915 2148; baseline 0 -18"><span class='ocrx_word' id='word_1_258' title='bbox 111 2076 205 2131; x_wconf 89' lang='lat' dir='ltr'>minat</span> <span class='ocrx_word' id='word_1_259' title='bbox 223 2076 271 2148; x_wconf 92' lang='lat' dir='ltr'>qui</span> <span class='ocrx_word' id='word_1_260' title='bbox 287 2077 343 2130; x_wconf 93' lang='lat' dir='ltr'>sint</span> <span class='ocrx_word' id='word_1_261' title='bbox 354 2076 393 2130; x_wconf 89' lang='lat' dir='ltr'>ilii</span> <span class='ocrx_word' id='word_1_262' title='bbox 409 2077 510 2143; x_wconf 87' lang='lat' dir='ltr'>sancti,</span> <span class='ocrx_word' id='word_1_263' title='bbox 525 2094 589 2131; x_wconf 85' lang='lat' dir='ltr'>cum</span> <span class='ocrx_word' id='word_1_264' title='bbox 606 2078 703 2132; x_wconf 86' lang='lat' dir='ltr'>addit:</span> <span class='ocrx_word' id='word_1_265' title='bbox 718 2077 872 2145; x_wconf 83' lang='lat' dir='ltr'>(luisaucti</span> <span class='ocrx_word' id='word_1_266' title='bbox 886 2077 915 2131; x_wconf 94' lang='lat' dir='ltr'>in</span> 
     </span>
     <span class='ocr_line' id='line_1_38' title="bbox 112 2164 917 2238; baseline 0.001 -20"><span class='ocrx_word' id='word_1_267' title='bbox 112 2164 166 2218; x_wconf 89' lang='lat' dir='ltr'>hoe</span> <span class='ocrx_word' id='word_1_268' title='bbox 182 2164 290 2219; x_wconf 89' lang='lat' dir='ltr'>mundo</span> <span class='ocrx_word' id='word_1_269' title='bbox 306 2165 442 2231; x_wconf 75' lang='lat' dir='ltr'>orelr&#39;anat,</span> <span class='ocrx_word' id='word_1_270' title='bbox 459 2164 488 2218; x_wconf 91' lang='lat' dir='ltr'>id</span> <span class='ocrx_word' id='word_1_271' title='bbox 503 2168 555 2233; x_wconf 88' lang='lat' dir='ltr'>est,</span> <span class='ocrx_word' id='word_1_272' title='bbox 568 2169 646 2220; x_wconf 84' lang='lat' dir='ltr'>recto</span> <span class='ocrx_word' id='word_1_273' title='bbox 663 2167 765 2221; x_wconf 89' lang='lat' dir='ltr'>ordine</span> <span class='ocrx_word' id='word_1_274' title='bbox 782 2168 917 2238; x_wconf 88' lang='lat' dir='ltr'>reputant</span> 
     </span>
     <span class='ocr_line' id='line_1_39' title="bbox 112 2253 917 2326; baseline 0 -17"><span class='ocrx_word' id='word_1_275' title='bbox 112 2253 917 2326; x_wconf 59' lang='lat' dir='ltr'>testatrienramejasadestaeiernambeatitudiuem‚quam</span> 
     </span>
     <span class='ocr_line' id='line_1_40' title="bbox 113 2342 917 2416; baseline 0.001 -20"><span class='ocrx_word' id='word_1_276' title='bbox 113 2342 363 2414; x_wconf 86' lang='lat' dir='ltr'>ipsepromittitiu</span> <span class='ocrx_word' id='word_1_277' title='bbox 376 2342 452 2396; x_wconf 78' lang='lat' dir='ltr'>Novo</span> <span class='ocrx_word' id='word_1_278' title='bbox 462 2342 645 2397; x_wconf 88' lang='lat' dir='ltr'>Testamento</span> <span class='ocrx_word' id='word_1_279' title='bbox 660 2360 720 2399; x_wconf 88' lang='lat' dir='ltr'>esse</span> <span class='ocrx_word' id='word_1_280' title='bbox 735 2361 821 2416; x_wconf 90' lang='lat' dir='ltr'>super</span> <span class='ocrx_word' id='word_1_281' title='bbox 831 2344 917 2398; x_wconf 88' lang='lat' dir='ltr'>sacri-</span> 
     </span>
     <span class='ocr_line' id='line_1_41' title="bbox 113 2430 918 2502; baseline 0 -17"><span class='ocrx_word' id='word_1_282' title='bbox 113 2431 188 2498; x_wconf 83' lang='lat' dir='ltr'>ficia,</span> <span class='ocrx_word' id='word_1_283' title='bbox 201 2431 230 2485; x_wconf 94' lang='lat' dir='ltr'>id</span> <span class='ocrx_word' id='word_1_284' title='bbox 245 2434 288 2484; x_wconf 87' lang='lat' dir='ltr'>est</span> <span class='ocrx_word' id='word_1_285' title='bbox 302 2431 467 2502; x_wconf 67' lang='lat' dir='ltr'>praecellere</span> <span class='ocrx_word' id='word_1_286' title='bbox 484 2430 625 2502; x_wconf 87' lang='lat' dir='ltr'>dignitate</span> <span class='ocrx_word' id='word_1_287' title='bbox 640 2449 690 2486; x_wconf 89' lang='lat' dir='ltr'>sua</span> <span class='ocrx_word' id='word_1_288' title='bbox 705 2433 795 2487; x_wconf 89' lang='lat' dir='ltr'>bonas</span> <span class='ocrx_word' id='word_1_289' title='bbox 816 2448 918 2502; x_wconf 88' lang='lat' dir='ltr'>opera·</span> 
     </span>
     <span class='ocr_line' id='line_1_42' title="bbox 114 2518 918 2593; baseline 0 -18"><span class='ocrx_word' id='word_1_290' title='bbox 114 2520 207 2575; x_wconf 85' lang='lat' dir='ltr'>tiones</span> <span class='ocrx_word' id='word_1_291' title='bbox 223 2522 251 2572; x_wconf 89' lang='lat' dir='ltr'>et</span> <span class='ocrx_word' id='word_1_292' title='bbox 267 2519 385 2573; x_wconf 78' lang='lat' dir='ltr'>virtutes</span> <span class='ocrx_word' id='word_1_293' title='bbox 403 2535 474 2589; x_wconf 89' lang='lat' dir='ltr'>quas</span> <span class='ocrx_word' id='word_1_294' title='bbox 497 2518 549 2590; x_wconf 91' lang='lat' dir='ltr'>ipsi</span> <span class='ocrx_word' id='word_1_295' title='bbox 570 2521 628 2574; x_wconf 86' lang='lat' dir='ltr'>lleo</span> <span class='ocrx_word' id='word_1_296' title='bbox 653 2521 825 2588; x_wconf 82' lang='lat' dir='ltr'>sacrificant,</span> <span class='ocrx_word' id='word_1_297' title='bbox 841 2521 918 2593; x_wconf 89' lang='lat' dir='ltr'>quod</span> 
     </span>
     <span class='ocr_line' id='line_1_43' title="bbox 114 2605 918 2679; baseline 0.001 -17"><span class='ocrx_word' id='word_1_298' title='bbox 114 2610 157 2663; x_wconf 89' lang='lat' dir='ltr'>est</span> <span class='ocrx_word' id='word_1_299' title='bbox 168 2607 273 2674; x_wconf 89' lang='lat' dir='ltr'>dicere,</span> <span class='ocrx_word' id='word_1_300' title='bbox 287 2605 335 2678; x_wconf 89' lang='lat' dir='ltr'>qui</span> <span class='ocrx_word' id='word_1_301' title='bbox 358 2605 448 2679; x_wconf 92' lang='lat' dir='ltr'>pluris</span> <span class='ocrx_word' id='word_1_302' title='bbox 465 2623 525 2661; x_wconf 90' lang='lat' dir='ltr'>esse</span> <span class='ocrx_word' id='word_1_303' title='bbox 547 2611 683 2677; x_wconf 89' lang='lat' dir='ltr'>repulaut</span> <span class='ocrx_word' id='word_1_304' title='bbox 698 2611 838 2663; x_wconf 74' lang='lat' dir='ltr'>uternam</span> <span class='ocrx_word' id='word_1_305' title='bbox 856 2610 918 2679; x_wconf 83' lang='lat' dir='ltr'>glo·</span> 
     </span>
     <span class='ocr_line' id='line_1_44' title="bbox 114 2694 919 2769; baseline 0.004 -21"><span class='ocrx_word' id='word_1_306' title='bbox 114 2695 188 2750; x_wconf 91' lang='lat' dir='ltr'>riam</span> <span class='ocrx_word' id='word_1_307' title='bbox 204 2712 292 2767; x_wconf 90' lang='lat' dir='ltr'>quam</span> <span class='ocrx_word' id='word_1_308' title='bbox 309 2694 412 2749; x_wconf 88' lang='lat' dir='ltr'>merita</span> <span class='ocrx_word' id='word_1_309' title='bbox 426 2712 487 2763; x_wconf 89' lang='lat' dir='ltr'>suo,</span> <span class='ocrx_word' id='word_1_310' title='bbox 500 2696 582 2766; x_wconf 78' lang='lat' dir='ltr'>justa</span> <span class='ocrx_word' id='word_1_311' title='bbox 596 2696 666 2750; x_wconf 93' lang='lat' dir='ltr'>illud</span> <span class='ocrx_word' id='word_1_312' title='bbox 679 2696 807 2769; x_wconf 82' lang='lat' dir='ltr'>Apostoli</span> <span class='ocrx_word' id='word_1_313' title='bbox 819 2714 849 2751; x_wconf 74' lang='lat' dir='ltr'>:a</span> <span class='ocrx_word' id='word_1_314' title='bbox 860 2695 919 2751; x_wconf 83' lang='lat' dir='ltr'>lixi-</span> 
     </span>
     <span class='ocr_line' id='line_1_45' title="bbox 113 2783 920 2857; baseline 0.001 -18"><span class='ocrx_word' id='word_1_315' title='bbox 113 2783 283 2856; x_wconf 81' lang='lat' dir='ltr'>stinroquud</span> <span class='ocrx_word' id='word_1_316' title='bbox 295 2800 351 2839; x_wconf 88' lang='grc' dir='ltr'>ιιοιι</span> <span class='ocrx_word' id='word_1_317' title='bbox 364 2784 588 2856; x_wconf 75' lang='lat' dir='ltr'>suntcondigua</span> <span class='ocrx_word' id='word_1_318' title='bbox 596 2785 742 2857; x_wconf 90' lang='lat' dir='ltr'>passiones</span> <span class='ocrx_word' id='word_1_319' title='bbox 752 2786 837 2857; x_wconf 88' lang='lat' dir='ltr'>hujus</span> <span class='ocrx_word' id='word_1_320' title='bbox 848 2788 920 2840; x_wconf 86' lang='lat' dir='ltr'>tem·</span> 
     </span>
    </p>
   </div>
   <div class='ocr_carea' id='block_1_9' title="bbox 965 1808 1774 2854">
    <p class='ocr_par' dir='ltr' id='par_1_10' title="bbox 965 1808 1774 2854">
     <span class='ocr_line' id='line_1_46' title="bbox 965 1808 1773 1882; baseline 0.006 -19"><span class='ocrx_word' id='word_1_321' title='bbox 965 1808 994 1864; x_wconf 92' lang='lat' dir='ltr'>id</span> <span class='ocrx_word' id='word_1_322' title='bbox 1012 1812 1054 1863; x_wconf 86' lang='lat' dir='ltr'>est</span> <span class='ocrx_word' id='word_1_323' title='bbox 1067 1810 1236 1864; x_wconf 81' lang='lat' dir='ltr'>sacrificium</span> <span class='ocrx_word' id='word_1_324' title='bbox 1253 1810 1411 1878; x_wconf 88' lang='lat' dir='ltr'>hircorum,</span> <span class='ocrx_word' id='word_1_325' title='bbox 1434 1810 1466 1864; x_wconf 88' lang='lat' dir='ltr'>de</span> <span class='ocrx_word' id='word_1_326' title='bbox 1483 1812 1613 1882; x_wconf 78' lang='lat' dir='ltr'>qreqt&#39;bns</span> <span class='ocrx_word' id='word_1_327' title='bbox 1632 1814 1690 1868; x_wconf 81' lang='lat' dir='ltr'>tuis</span> <span class='ocrx_word' id='word_1_328' title='bbox 1703 1828 1773 1867; x_wconf 86' lang='lat' dir='ltr'>suro·</span> 
     </span>
     <span class='ocr_line' id='line_1_47' title="bbox 966 1898 1772 1971; baseline 0.007 -21"><span class='ocrx_word' id='word_1_329' title='bbox 966 1902 1057 1968; x_wconf 86' lang='lat' dir='ltr'>plum.</span> <span class='ocrx_word' id='word_1_330' title='bbox 1075 1898 1128 1952; x_wconf 85' lang='lat' dir='ltr'>Per</span> <span class='ocrx_word' id='word_1_331' title='bbox 1138 1899 1189 1952; x_wconf 91' lang='lat' dir='ltr'>has</span> <span class='ocrx_word' id='word_1_332' title='bbox 1200 1900 1297 1952; x_wconf 90' lang='lat' dir='ltr'>autem</span> <span class='ocrx_word' id='word_1_333' title='bbox 1313 1898 1383 1953; x_wconf 89' lang='lat' dir='ltr'>duas</span> <span class='ocrx_word' id='word_1_334' title='bbox 1393 1900 1555 1971; x_wconf 87' lang='lat' dir='ltr'>partes‚dat</span> <span class='ocrx_word' id='word_1_335' title='bbox 1566 1901 1661 1956; x_wconf 87' lang='lat' dir='ltr'>etiam</span> <span class='ocrx_word' id='word_1_336' title='bbox 1673 1901 1772 1957; x_wconf 90' lang='lat' dir='ltr'>iutelli-</span> 
     </span>
     <span class='ocr_line' id='line_1_48' title="bbox 966 1985 1773 2058; baseline 0.007 -19"><span class='ocrx_word' id='word_1_337' title='bbox 966 2003 1033 2058; x_wconf 82' lang='lat' dir='ltr'>gere</span> <span class='ocrx_word' id='word_1_338' title='bbox 1049 1985 1084 2040; x_wconf 88' lang='lat' dir='ltr'>de</span> <span class='ocrx_word' id='word_1_339' title='bbox 1105 1985 1167 2040; x_wconf 92' lang='lat' dir='ltr'>aliis</span> <span class='ocrx_word' id='word_1_340' title='bbox 1182 1986 1320 2056; x_wconf 89' lang='lat' dir='ltr'>partibus.</span> <span class='ocrx_word' id='word_1_341' title='bbox 1339 1986 1422 2051; x_wconf 85' lang='lat' dir='ltr'>Quod</span> <span class='ocrx_word' id='word_1_342' title='bbox 1435 1991 1477 2042; x_wconf 90' lang='lat' dir='ltr'>est</span> <span class='ocrx_word' id='word_1_343' title='bbox 1493 1987 1588 2044; x_wconf 89' lang='lat' dir='ltr'>dicere</span> <span class='ocrx_word' id='word_1_344' title='bbox 1607 2006 1615 2044; x_wconf 89' lang='lat'>:</span> <span class='ocrx_word' id='word_1_345' title='bbox 1633 1989 1717 2045; x_wconf 90' lang='lat' dir='ltr'>Nulla</span> <span class='ocrx_word' id='word_1_346' title='bbox 1732 2005 1773 2045; x_wconf 79' lang='lat' dir='ltr'>sa·</span> 
     </span>
     <span class='ocr_line' id='line_1_49' title="bbox 966 2075 1771 2148; baseline 0.006 -19"><span class='ocrx_word' id='word_1_347' title='bbox 966 2075 1073 2129; x_wconf 84' lang='lat' dir='ltr'>crificia</span> <span class='ocrx_word' id='word_1_348' title='bbox 1092 2079 1142 2130; x_wconf 90' lang='lat' dir='ltr'>tua</span> <span class='ocrx_word' id='word_1_349' title='bbox 1166 2075 1238 2130; x_wconf 90' lang='lat' dir='ltr'>mihi</span> <span class='ocrx_word' id='word_1_350' title='bbox 1258 2079 1344 2130; x_wconf 90' lang='lat' dir='ltr'>erunt</span> <span class='ocrx_word' id='word_1_351' title='bbox 1358 2077 1554 2148; x_wconf 88' lang='lat' dir='ltr'>acceptabilia.</span> <span class='ocrx_word' id='word_1_352' title='bbox 1576 2079 1681 2133; x_wconf 81' lang='lat' dir='ltr'>Posset</span> <span class='ocrx_word' id='word_1_353' title='bbox 1700 2077 1771 2135; x_wconf 87' lang='lat' dir='ltr'>dici:</span> 
     </span>
     <span class='ocr_line' id='line_1_50' title="bbox 968 2163 1772 2236; baseline 0.006 -18"><span class='ocrx_word' id='word_1_354' title='bbox 968 2163 1055 2218; x_wconf 81' lang='lat' dir='ltr'>etiarn</span> <span class='ocrx_word' id='word_1_355' title='bbox 1071 2164 1093 2219; x_wconf 92' lang='lat' dir='ltr'>si</span> <span class='ocrx_word' id='word_1_356' title='bbox 1108 2181 1167 2218; x_wconf 91' lang='lat' dir='ltr'>uon</span> <span class='ocrx_word' id='word_1_357' title='bbox 1178 2164 1346 2236; x_wconf 86' lang='lat' dir='ltr'>suntsigua,</span> <span class='ocrx_word' id='word_1_358' title='bbox 1359 2182 1423 2220; x_wconf 89' lang='lat' dir='ltr'>cum</span> <span class='ocrx_word' id='word_1_359' title='bbox 1439 2165 1489 2220; x_wconf 91' lang='lat' dir='ltr'>tibi</span> <span class='ocrx_word' id='word_1_360' title='bbox 1501 2165 1555 2220; x_wconf 90' lang='lat' dir='ltr'>ista</span> <span class='ocrx_word' id='word_1_361' title='bbox 1565 2167 1638 2222; x_wconf 89' lang='lat' dir='ltr'>dare</span> <span class='ocrx_word' id='word_1_362' title='bbox 1646 2167 1772 2234; x_wconf 81' lang='lat' dir='ltr'>velimus,</span> 
     </span>
     <span class='ocr_line' id='line_1_51' title="bbox 969 2250 1773 2322; baseline 0.009 -16"><span class='ocrx_word' id='word_1_363' title='bbox 969 2250 1074 2322; x_wconf 86' lang='lat' dir='ltr'>accipe.</span> <span class='ocrx_word' id='word_1_364' title='bbox 1092 2251 1199 2306; x_wconf 88' lang='lat' dir='ltr'>Contra</span> <span class='ocrx_word' id='word_1_365' title='bbox 1212 2252 1267 2306; x_wconf 87' lang='lat' dir='ltr'>hoe</span> <span class='ocrx_word' id='word_1_366' title='bbox 1282 2270 1348 2308; x_wconf 87' lang='lat' dir='ltr'>vero</span> <span class='ocrx_word' id='word_1_367' title='bbox 1361 2253 1399 2307; x_wconf 93' lang='lat' dir='ltr'>sic</span> <span class='ocrx_word' id='word_1_368' title='bbox 1414 2252 1495 2309; x_wconf 89' lang='lat' dir='ltr'>addit</span> <span class='ocrx_word' id='word_1_369' title='bbox 1511 2271 1517 2308; x_wconf 93' lang='lat'>:</span> <span class='ocrx_word' id='word_1_370' title='bbox 1533 2255 1606 2310; x_wconf 92' lang='lat' dir='ltr'>Cum</span> <span class='ocrx_word' id='word_1_371' title='bbox 1620 2256 1704 2312; x_wconf 81' lang='lat' dir='ltr'>robis</span> <span class='ocrx_word' id='word_1_372' title='bbox 1719 2273 1773 2313; x_wconf 89' lang='lat' dir='ltr'>uon</span> 
     </span>
     <span class='ocr_line' id='line_1_52' title="bbox 969 2339 1773 2417; baseline 0.009 -24"><span class='ocrx_word' id='word_1_373' title='bbox 969 2343 1064 2394; x_wconf 88' lang='lat' dir='ltr'>essent</span> <span class='ocrx_word' id='word_1_374' title='bbox 1079 2339 1169 2407; x_wconf 89' lang='lat' dir='ltr'>utilia,</span> <span class='ocrx_word' id='word_1_375' title='bbox 1179 2340 1250 2394; x_wconf 90' lang='lat' dir='ltr'>sicut</span> <span class='ocrx_word' id='word_1_376' title='bbox 1259 2341 1336 2412; x_wconf 87' lang='lat' dir='ltr'>prius</span> <span class='ocrx_word' id='word_1_377' title='bbox 1346 2342 1415 2396; x_wconf 90' lang='lat' dir='ltr'>dum</span> <span class='ocrx_word' id='word_1_378' title='bbox 1426 2341 1614 2414; x_wconf 73' lang='lat' dir='ltr'>signatorem,</span> <span class='ocrx_word' id='word_1_379' title='bbox 1624 2361 1773 2417; x_wconf 88' lang='lat' dir='ltr'>nonopor·</span> 
     </span>
     <span class='ocr_line' id='line_1_53' title="bbox 970 2429 1774 2505; baseline 0.009 -23"><span class='ocrx_word' id='word_1_380' title='bbox 970 2432 1011 2483; x_wconf 89' lang='lat' dir='ltr'>tet</span> <span class='ocrx_word' id='word_1_381' title='bbox 1027 2432 1057 2482; x_wconf 91' lang='lat' dir='ltr'>ut</span> <span class='ocrx_word' id='word_1_382' title='bbox 1077 2429 1225 2501; x_wconf 86' lang='lat' dir='ltr'>accipiam.</span> <span class='ocrx_word' id='word_1_383' title='bbox 1243 2431 1305 2484; x_wconf 79' lang='lat' dir='ltr'>Nou</span> <span class='ocrx_word' id='word_1_384' title='bbox 1320 2430 1398 2485; x_wconf 88' lang='lat' dir='ltr'>euim</span> <span class='ocrx_word' id='word_1_385' title='bbox 1415 2431 1458 2485; x_wconf 83' lang='lat' dir='ltr'>bis</span> <span class='ocrx_word' id='word_1_386' title='bbox 1471 2448 1554 2504; x_wconf 83' lang='lat' dir='ltr'>egeo,</span> <span class='ocrx_word' id='word_1_387' title='bbox 1570 2436 1703 2505; x_wconf 80' lang='lat' dir='ltr'>quoniam</span> <span class='ocrx_word' id='word_1_388' title='bbox 1714 2449 1774 2491; x_wconf 82' lang='lat' dir='ltr'>meo</span> 
     </span>
     <span class='ocr_line' id='line_1_54' title="bbox 969 2518 1772 2592; baseline 0.007 -21"><span class='ocrx_word' id='word_1_389' title='bbox 969 2524 1031 2572; x_wconf 79' lang='lat' dir='ltr'>serat</span> <span class='ocrx_word' id='word_1_390' title='bbox 1042 2535 1130 2571; x_wconf 71' lang='lat' dir='ltr'>ornares</span> <span class='ocrx_word' id='word_1_391' title='bbox 1149 2518 1217 2587; x_wconf 74' lang='lat' dir='ltr'>serre</span> <span class='ocrx_word' id='word_1_392' title='bbox 1236 2518 1512 2592; x_wconf 78' lang='lat' dir='ltr'>sitoornra,quaruu1</span> <span class='ocrx_word' id='word_1_393' title='bbox 1535 2537 1584 2576; x_wconf 88' lang='lat' dir='ltr'>vos</span> <span class='ocrx_word' id='word_1_394' title='bbox 1599 2525 1772 2592; x_wconf 86' lang='lat' dir='ltr'>potestatem</span> 
     </span>
     <span class='ocr_line' id='line_1_55' title="bbox 970 2605 1774 2679; baseline 0.006 -20"><span class='ocrx_word' id='word_1_395' title='bbox 970 2622 1029 2659; x_wconf 91' lang='lat' dir='ltr'>nou</span> <span class='ocrx_word' id='word_1_396' title='bbox 1046 2605 1165 2660; x_wconf 90' lang='lat' dir='ltr'>habetis.</span> <span class='ocrx_word' id='word_1_397' title='bbox 1180 2606 1213 2660; x_wconf 83' lang='lat' dir='ltr'>Et</span> <span class='ocrx_word' id='word_1_398' title='bbox 1226 2624 1284 2660; x_wconf 85' lang='lat' dir='ltr'>meo</span> <span class='ocrx_word' id='word_1_399' title='bbox 1294 2615 1355 2661; x_wconf 79' lang='lat' dir='ltr'>sicat</span> <span class='ocrx_word' id='word_1_400' title='bbox 1363 2609 1489 2677; x_wconf 74' lang='lat' dir='ltr'>jarrneuto</span> <span class='ocrx_word' id='word_1_401' title='bbox 1504 2610 1657 2679; x_wconf 88' lang='lat' dir='ltr'>pascentia</span> <span class='ocrx_word' id='word_1_402' title='bbox 1672 2613 1774 2664; x_wconf 74' lang='lat' dir='ltr'>inenor-</span> 
     </span>
     <span class='ocr_line' id='line_1_56' title="bbox 970 2694 1774 2762; baseline 0.009 -15"><span class='ocrx_word' id='word_1_403' title='bbox 970 2694 1048 2759; x_wconf 80' lang='lat' dir='ltr'>titus,</span> <span class='ocrx_word' id='word_1_404' title='bbox 1063 2700 1087 2747; x_wconf 89' lang='lat' dir='ltr'>et</span> <span class='ocrx_word' id='word_1_405' title='bbox 1099 2695 1181 2762; x_wconf 76' lang='lat' dir='ltr'>bocer,</span> <span class='ocrx_word' id='word_1_406' title='bbox 1194 2695 1274 2750; x_wconf 91' lang='lat' dir='ltr'>idest</span> <span class='ocrx_word' id='word_1_407' title='bbox 1285 2712 1343 2751; x_wconf 90' lang='lat' dir='ltr'>uon</span> <span class='ocrx_word' id='word_1_408' title='bbox 1357 2696 1450 2750; x_wconf 87' lang='lat' dir='ltr'>solum</span> <span class='ocrx_word' id='word_1_409' title='bbox 1467 2696 1628 2754; x_wconf 86' lang='lat' dir='ltr'>domestica</span> <span class='ocrx_word' id='word_1_410' title='bbox 1642 2697 1774 2754; x_wconf 87' lang='lat' dir='ltr'>anirnalia</span> 
     </span>
     <span class='ocr_line' id='line_1_57' title="bbox 969 2783 1774 2854; baseline 0.004 -18"><span class='ocrx_word' id='word_1_411' title='bbox 969 2799 1036 2837; x_wconf 91' lang='lat' dir='ltr'>mea</span> <span class='ocrx_word' id='word_1_412' title='bbox 1051 2785 1127 2849; x_wconf 89' lang='lat' dir='ltr'>suut,</span> <span class='ocrx_word' id='word_1_413' title='bbox 1144 2783 1194 2837; x_wconf 90' lang='lat' dir='ltr'>sed</span> <span class='ocrx_word' id='word_1_414' title='bbox 1214 2787 1243 2838; x_wconf 91' lang='lat' dir='ltr'>et</span> <span class='ocrx_word' id='word_1_415' title='bbox 1261 2783 1410 2850; x_wconf 76' lang='lat' dir='ltr'>silvestria,</span> <span class='ocrx_word' id='word_1_416' title='bbox 1425 2783 1531 2839; x_wconf 89' lang='lat' dir='ltr'>scilicet</span> <span class='ocrx_word' id='word_1_417' title='bbox 1549 2784 1632 2854; x_wconf 71' lang='lat' dir='ltr'>sere),</span> <span class='ocrx_word' id='word_1_418' title='bbox 1649 2787 1735 2842; x_wconf 81' lang='lat' dir='ltr'>bores</span> <span class='ocrx_word' id='word_1_419' title='bbox 1747 2789 1774 2841; x_wconf 91' lang='lat' dir='ltr'>et</span> 
     </span>
    </p>
   </div>
   <div class='ocr_carea' id='block_1_10' title="bbox 113 2870 1773 2946">
    <p class='ocr_par' dir='ltr' id='par_1_11' title="bbox 113 2870 1773 2946">
     <span class='ocr_line' id='line_1_58' title="bbox 113 2870 1773 2946; baseline 0.004 -21"><span class='ocrx_word' id='word_1_420' title='bbox 113 2873 201 2944; x_wconf 77' lang='lat' dir='ltr'>prris,</span> <span class='ocrx_word' id='word_1_421' title='bbox 216 2872 253 2926; x_wconf 87' lang='lat' dir='ltr'>ad</span> <span class='ocrx_word' id='word_1_422' title='bbox 267 2871 393 2926; x_wconf 86' lang='lat' dir='ltr'>suturam</span> <span class='ocrx_word' id='word_1_423' title='bbox 408 2872 531 2943; x_wconf 87' lang='lat' dir='ltr'>gloriam</span> <span class='ocrx_word' id='word_1_424' title='bbox 543 2890 606 2944; x_wconf 67' lang='lat' dir='ltr'>quar</span> <span class='ocrx_word' id='word_1_425' title='bbox 617 2874 826 2928; x_wconf 75' lang='lat' dir='ltr'>revelabiturin</span> <span class='ocrx_word' id='word_1_426' title='bbox 838 2873 919 2928; x_wconf 88' lang='lat' dir='ltr'>nobis</span> <span class='ocrx_word' id='word_1_427' title='bbox 965 2870 1101 2941; x_wconf 86' lang='lat' dir='ltr'>jumenta</span> <span class='ocrx_word' id='word_1_428' title='bbox 1116 2871 1144 2925; x_wconf 91' lang='lat' dir='ltr'>in</span> <span class='ocrx_word' id='word_1_429' title='bbox 1162 2873 1308 2927; x_wconf 80' lang='lat' dir='ltr'>niorrtibus</span> <span class='ocrx_word' id='word_1_430' title='bbox 1329 2873 1485 2944; x_wconf 81' lang='lat' dir='ltr'>pascentia,</span> <span class='ocrx_word' id='word_1_431' title='bbox 1508 2874 1613 2946; x_wconf 89' lang='lat' dir='ltr'>quihus</span> <span class='ocrx_word' id='word_1_432' title='bbox 1629 2873 1773 2931; x_wconf 86' lang='lat' dir='ltr'>dominari</span> 
     </span>
    </p>
   </div>
   <div class='ocr_carea' id='block_1_11' title="bbox 114 2959 1773 3034">
    <p class='ocr_par' dir='ltr' id='par_1_12' title="bbox 114 2959 1773 3034">
     <span class='ocr_line' id='line_1_59' title="bbox 114 2959 1773 3034; baseline 0.002 -18"><span class='ocrx_word' id='word_1_433' title='bbox 114 2959 149 3034; x_wconf 75' lang='lat' dir='ltr'>(a</span> <span class='ocrx_word' id='word_1_434' title='bbox 158 2979 203 3016; x_wconf 79' lang='lat' dir='ltr'>ora</span> <span class='ocrx_word' id='word_1_435' title='bbox 214 2978 272 3027; x_wconf 81' lang='grc' dir='ltr'>ιιιι,</span> <span class='ocrx_word' id='word_1_436' title='bbox 291 2960 345 3034; x_wconf 77' lang='lat'>18).</span> <span class='ocrx_word' id='word_1_437' title='bbox 356 2982 368 3009; x_wconf 90' lang='lat'>»</span> <span class='ocrx_word' id='word_1_438' title='bbox 379 2960 451 3028; x_wconf 86' lang='lat' dir='ltr'>Dixi,</span> <span class='ocrx_word' id='word_1_439' title='bbox 462 2969 618 3031; x_wconf 77' lang='lat' dir='ltr'>conpreqote</span> <span class='ocrx_word' id='word_1_440' title='bbox 629 2962 769 3017; x_wconf 80' lang='lat' dir='ltr'>cunctosin</span> <span class='ocrx_word' id='word_1_441' title='bbox 783 2962 917 3034; x_wconf 84' lang='lat' dir='ltr'>gloriam,</span> <span class='ocrx_word' id='word_1_442' title='bbox 970 2976 1029 3013; x_wconf 92' lang='lat' dir='ltr'>nou</span> <span class='ocrx_word' id='word_1_443' title='bbox 1047 2960 1174 3031; x_wconf 86' lang='lat' dir='ltr'>potestis.</span> <span class='ocrx_word' id='word_1_444' title='bbox 1186 2962 1225 3015; x_wconf 84' lang='lat' dir='ltr'>lte</span> <span class='ocrx_word' id='word_1_445' title='bbox 1234 2960 1255 3014; x_wconf 90' lang='lat' dir='ltr'>si</span> <span class='ocrx_word' id='word_1_446' title='bbox 1268 2961 1375 3016; x_wconf 90' lang='lat' dir='ltr'>diceret</span> <span class='ocrx_word' id='word_1_447' title='bbox 1384 2982 1390 3016; x_wconf 90' lang='lat'><strong>:</strong></span> <span class='ocrx_word' id='word_1_448' title='bbox 1399 2964 1471 3017; x_wconf 80' lang='lat' dir='ltr'>Dour</span> <span class='ocrx_word' id='word_1_449' title='bbox 1486 2962 1564 3018; x_wconf 83' lang='lat' dir='ltr'>robis</span> <span class='ocrx_word' id='word_1_450' title='bbox 1580 2963 1693 3034; x_wconf 84' lang='lat' dir='ltr'>proluit</span> <span class='ocrx_word' id='word_1_451' title='bbox 1703 2967 1734 3018; x_wconf 89' lang='lat' dir='ltr'>ut</span> <span class='ocrx_word' id='word_1_452' title='bbox 1745 2979 1773 3019; x_wconf 78' lang='lat' dir='ltr'>cs</span> 
     </span>
    </p>
   </div>
   <div class='ocr_carea' id='block_1_12' title="bbox 109 3011 1776 3566">
    <p class='ocr_par' dir='ltr' id='par_1_13' title="bbox 109 3011 1776 3566">
     <span class='ocr_line' id='line_1_60' title="bbox 115 3011 1774 3123; baseline 0.002 -19"><span class='ocrx_word' id='word_1_453' title='bbox 115 3057 140 3104; x_wconf 89' lang='lat' dir='ltr'>et</span> <span class='ocrx_word' id='word_1_454' title='bbox 155 3049 207 3121; x_wconf 89' lang='lat' dir='ltr'>ipsi</span> <span class='ocrx_word' id='word_1_455' title='bbox 226 3049 291 3116; x_wconf 80' lang='lat' dir='ltr'>coli,</span> <span class='ocrx_word' id='word_1_456' title='bbox 317 3049 346 3104; x_wconf 92' lang='lat' dir='ltr'>id</span> <span class='ocrx_word' id='word_1_457' title='bbox 370 3052 413 3104; x_wconf 85' lang='lat' dir='ltr'>est</span> <span class='ocrx_word' id='word_1_458' title='bbox 428 3051 518 3104; x_wconf 86' lang='lat' dir='ltr'>saneti</span> <span class='ocrx_word' id='word_1_459' title='bbox 533 3051 713 3122; x_wconf 85' lang='lat' dir='ltr'>cougregati,</span> <span class='ocrx_word' id='word_1_460' title='bbox 738 3011 954 3105; x_wconf 81' lang='lat' dir='ltr'>oreurrtr&#39;obuatC</span> <span class='ocrx_word' id='word_1_461' title='bbox 970 3048 1141 3119; x_wconf 87' lang='lat' dir='ltr'>acciperem,</span> <span class='ocrx_word' id='word_1_462' title='bbox 1154 3049 1260 3122; x_wconf 89' lang='lat' dir='ltr'>accepi,</span> <span class='ocrx_word' id='word_1_463' title='bbox 1271 3050 1375 3104; x_wconf 88' lang='lat' dir='ltr'>scilieet</span> <span class='ocrx_word' id='word_1_464' title='bbox 1386 3068 1451 3105; x_wconf 88' lang='lat' dir='ltr'>cum</span> <span class='ocrx_word' id='word_1_465' title='bbox 1464 3051 1547 3123; x_wconf 85' lang='lat' dir='ltr'>signa</span> <span class='ocrx_word' id='word_1_466' title='bbox 1558 3053 1774 3109; x_wconf 80' lang='lat' dir='ltr'>erautCoustat</span> 
     </span>
     <span class='ocr_line' id='line_1_61' title="bbox 109 3137 1773 3213; baseline 0.002 -20"><span class='ocrx_word' id='word_1_467' title='bbox 109 3139 245 3210; x_wconf 80' lang='lat' dir='ltr'>justitium</span> <span class='ocrx_word' id='word_1_468' title='bbox 258 3138 324 3208; x_wconf 84' lang='lat' dir='ltr'>ejus,</span> <span class='ocrx_word' id='word_1_469' title='bbox 341 3138 448 3192; x_wconf 90' lang='lat' dir='ltr'>scilicet</span> <span class='ocrx_word' id='word_1_470' title='bbox 462 3139 522 3193; x_wconf 86' lang='lat' dir='ltr'>Dei.</span> <span class='ocrx_word' id='word_1_471' title='bbox 550 3140 582 3192; x_wconf 86' lang='lat' dir='ltr'>Et</span> <span class='ocrx_word' id='word_1_472' title='bbox 604 3139 722 3210; x_wconf 81' lang='lat' dir='ltr'>exponit</span> <span class='ocrx_word' id='word_1_473' title='bbox 738 3156 824 3210; x_wconf 86' lang='lat' dir='ltr'>quarn</span> <span class='ocrx_word' id='word_1_474' title='bbox 835 3138 918 3210; x_wconf 84' lang='lat' dir='ltr'>justi·</span> <span class='ocrx_word' id='word_1_475' title='bbox 970 3140 1066 3191; x_wconf 80' lang='lat' dir='ltr'>auteur</span> <span class='ocrx_word' id='word_1_476' title='bbox 1081 3137 1307 3210; x_wconf 90' lang='lat' dir='ltr'>quodnusquam</span> <span class='ocrx_word' id='word_1_477' title='bbox 1320 3138 1390 3193; x_wconf 81' lang='lat' dir='ltr'>milii</span> <span class='ocrx_word' id='word_1_478' title='bbox 1399 3139 1594 3210; x_wconf 85' lang='lat' dir='ltr'>profecerunt,</span> <span class='ocrx_word' id='word_1_479' title='bbox 1607 3155 1773 3213; x_wconf 88' lang='lat' dir='ltr'>nequepro·</span> 
     </span>
     <span class='ocr_line' id='line_1_62' title="bbox 115 3225 1775 3302; baseline 0.001 -21"><span class='ocrx_word' id='word_1_480' title='bbox 115 3227 197 3294; x_wconf 92' lang='lat' dir='ltr'>tiam,</span> <span class='ocrx_word' id='word_1_481' title='bbox 224 3243 289 3280; x_wconf 86' lang='lat' dir='ltr'>eum</span> <span class='ocrx_word' id='word_1_482' title='bbox 315 3226 422 3280; x_wconf 92' lang='lat' dir='ltr'>addit:</span> <span class='ocrx_word' id='word_1_483' title='bbox 446 3227 553 3280; x_wconf 91' lang='lat' dir='ltr'>scilicet</span> <span class='ocrx_word' id='word_1_484' title='bbox 577 3227 776 3280; x_wconf 78' lang='lat' dir='ltr'>aanrrntr&#39;obunt</span> <span class='ocrx_word' id='word_1_485' title='bbox 795 3228 920 3298; x_wconf 81' lang='lat' dir='ltr'>qreoaiorn</span> <span class='ocrx_word' id='word_1_486' title='bbox 970 3225 1077 3279; x_wconf 80' lang='lat' dir='ltr'>sicient.</span> <span class='ocrx_word' id='word_1_487' title='bbox 1087 3225 1142 3280; x_wconf 83' lang='lat' dir='ltr'>Sed</span> <span class='ocrx_word' id='word_1_488' title='bbox 1158 3243 1223 3280; x_wconf 90' lang='lat' dir='ltr'>curn</span> <span class='ocrx_word' id='word_1_489' title='bbox 1238 3227 1343 3282; x_wconf 86' lang='lat' dir='ltr'>amodo</span> <span class='ocrx_word' id='word_1_490' title='bbox 1353 3227 1432 3282; x_wconf 85' lang='lat' dir='ltr'>robis</span> <span class='ocrx_word' id='word_1_491' title='bbox 1442 3245 1499 3282; x_wconf 92' lang='lat' dir='ltr'>uon</span> <span class='ocrx_word' id='word_1_492' title='bbox 1512 3228 1702 3300; x_wconf 83' lang='lat' dir='ltr'>proficerent,</span> <span class='ocrx_word' id='word_1_493' title='bbox 1711 3228 1775 3302; x_wconf 86' lang='lat' dir='ltr'>quia</span> 
     </span>
     <span class='ocr_line' id='line_1_63' title="bbox 115 3313 1776 3390; baseline 0.003 -23"><span class='ocrx_word' id='word_1_494' title='bbox 115 3314 187 3368; x_wconf 78' lang='lat' dir='ltr'>Deru</span> <span class='ocrx_word' id='word_1_495' title='bbox 194 3313 280 3385; x_wconf 75' lang='lat' dir='ltr'>judea</span> <span class='ocrx_word' id='word_1_496' title='bbox 292 3320 338 3366; x_wconf 77' lang='lat' dir='ltr'>est.</span> <span class='ocrx_word' id='word_1_497' title='bbox 356 3313 438 3378; x_wconf 80' lang='lat' dir='ltr'>Quod</span> <span class='ocrx_word' id='word_1_498' title='bbox 454 3317 496 3367; x_wconf 87' lang='lat' dir='ltr'>cst</span> <span class='ocrx_word' id='word_1_499' title='bbox 512 3313 616 3368; x_wconf 89' lang='lat' dir='ltr'>dicere.</span> <span class='ocrx_word' id='word_1_500' title='bbox 629 3313 690 3368; x_wconf 76' lang='lat' dir='ltr'>Nou</span> <span class='ocrx_word' id='word_1_501' title='bbox 700 3331 768 3368; x_wconf 86' lang='lat' dir='ltr'>voce</span> <span class='ocrx_word' id='word_1_502' title='bbox 779 3332 787 3375; x_wconf 72' lang='lat'>3</span> <span class='ocrx_word' id='word_1_503' title='bbox 800 3314 849 3368; x_wconf 90' lang='lat' dir='ltr'>sed</span> <span class='ocrx_word' id='word_1_504' title='bbox 861 3315 920 3385; x_wconf 77' lang='lat' dir='ltr'>glo</span> <span class='ocrx_word' id='word_1_505' title='bbox 967 3314 1030 3385; x_wconf 83' lang='lat' dir='ltr'>jam</span> <span class='ocrx_word' id='word_1_506' title='bbox 1046 3330 1146 3369; x_wconf 90' lang='lat' dir='ltr'>eorum</span> <span class='ocrx_word' id='word_1_507' title='bbox 1156 3315 1348 3386; x_wconf 84' lang='lat' dir='ltr'>significatum</span> <span class='ocrx_word' id='word_1_508' title='bbox 1362 3316 1487 3383; x_wconf 88' lang='lat' dir='ltr'>advenit,</span> <span class='ocrx_word' id='word_1_509' title='bbox 1503 3317 1538 3371; x_wconf 92' lang='lat' dir='ltr'>ad</span> <span class='ocrx_word' id='word_1_510' title='bbox 1550 3317 1776 3390; x_wconf 86' lang='lat' dir='ltr'>quideeaccipe·</span> 
     </span>
     <span class='ocr_line' id='line_1_64' title="bbox 116 3401 1775 3477; baseline 0.001 -18"><span class='ocrx_word' id='word_1_511' title='bbox 116 3405 167 3459; x_wconf 77' lang='lat' dir='ltr'>rice</span> <span class='ocrx_word' id='word_1_512' title='bbox 180 3422 237 3459; x_wconf 80' lang='lat' dir='ltr'>sum</span> <span class='ocrx_word' id='word_1_513' title='bbox 250 3403 438 3469; x_wconf 86' lang='lat' dir='ltr'>beatitudine,</span> <span class='ocrx_word' id='word_1_514' title='bbox 453 3402 616 3457; x_wconf 83' lang='lat' dir='ltr'>infidelibus</span> <span class='ocrx_word' id='word_1_515' title='bbox 631 3403 794 3469; x_wconf 85' lang='lat' dir='ltr'>ostendent,</span> <span class='ocrx_word' id='word_1_516' title='bbox 809 3403 889 3475; x_wconf 89' lang='lat' dir='ltr'>quasi</span> <span class='ocrx_word' id='word_1_517' title='bbox 898 3402 921 3457; x_wconf 91' lang='lat' dir='ltr'>si</span> <span class='ocrx_word' id='word_1_518' title='bbox 971 3417 1045 3468; x_wconf 88' lang='lat' dir='ltr'>rem,</span> <span class='ocrx_word' id='word_1_519' title='bbox 1064 3401 1144 3472; x_wconf 87' lang='lat' dir='ltr'>quasi</span> <span class='ocrx_word' id='word_1_520' title='bbox 1163 3402 1206 3456; x_wconf 90' lang='lat' dir='ltr'>his</span> <span class='ocrx_word' id='word_1_521' title='bbox 1230 3403 1368 3473; x_wconf 82' lang='lat' dir='ltr'>egerem?</span> <span class='ocrx_word' id='word_1_522' title='bbox 1384 3404 1446 3458; x_wconf 84' lang='lat' dir='ltr'>Non</span> <span class='ocrx_word' id='word_1_523' title='bbox 1464 3421 1535 3477; x_wconf 85' lang='lat' dir='ltr'>egeo</span> <span class='ocrx_word' id='word_1_524' title='bbox 1556 3406 1690 3477; x_wconf 89' lang='lat' dir='ltr'>quidem,</span> <span class='ocrx_word' id='word_1_525' title='bbox 1713 3422 1775 3462; x_wconf 88' lang='lat' dir='ltr'>cum</span> 
     </span>
     <span class='ocr_line' id='line_1_65' title="bbox 118 3488 1776 3566; baseline -0.001 -15"><span class='ocrx_word' id='word_1_526' title='bbox 118 3494 318 3551; x_wconf 90' lang='lat' dir='ltr'>euuuutiaudo</span> <span class='ocrx_word' id='word_1_527' title='bbox 335 3494 676 3566; x_wconf 86' lang='lat' dir='ltr'>ostenderent,quoniam</span> <span class='ocrx_word' id='word_1_528' title='bbox 687 3498 761 3550; x_wconf 86' lang='lat' dir='ltr'>Deus</span> <span class='ocrx_word' id='word_1_529' title='bbox 765 3495 854 3566; x_wconf 88' lang='lat' dir='ltr'>judex</span> <span class='ocrx_word' id='word_1_530' title='bbox 859 3495 921 3566; x_wconf 87' lang='lat' dir='ltr'>jus·</span> <span class='ocrx_word' id='word_1_531' title='bbox 974 3489 1075 3544; x_wconf 88' lang='lat' dir='ltr'>omnia</span> <span class='ocrx_word' id='word_1_532' title='bbox 1090 3488 1226 3544; x_wconf 90' lang='lat' dir='ltr'>animalia</span> <span class='ocrx_word' id='word_1_533' title='bbox 1241 3490 1448 3562; x_wconf 89' lang='lat' dir='ltr'>quadrupedia,</span> <span class='ocrx_word' id='word_1_534' title='bbox 1468 3495 1497 3547; x_wconf 88' lang='lat' dir='ltr'>et</span> <span class='ocrx_word' id='word_1_535' title='bbox 1512 3493 1675 3551; x_wconf 88' lang='lat' dir='ltr'>domestica</span> <span class='ocrx_word' id='word_1_536' title='bbox 1689 3499 1719 3549; x_wconf 91' lang='lat' dir='ltr'>et</span> <span class='ocrx_word' id='word_1_537' title='bbox 1732 3495 1776 3550; x_wconf 91' lang='lat' dir='ltr'>sil·</span> 
     </span>
    </p>
   </div>
   <div class='ocr_carea' id='block_1_13' title="bbox 118 3582 928 4273">
    <p class='ocr_par' dir='ltr' id='par_1_14' title="bbox 118 3582 928 4273">
     <span class='ocr_line' id='line_1_66' title="bbox 118 3582 924 3655; baseline 0.001 -18"><span class='ocrx_word' id='word_1_538' title='bbox 118 3582 924 3655; x_wconf 84' lang='lat' dir='ltr'>tusest,quieosdigneremunerabit.Postiuterpositio·</span> 
     </span>
     <span class='ocr_line' id='line_1_67' title="bbox 120 3671 925 3744; baseline -0.004 -16"><span class='ocrx_word' id='word_1_539' title='bbox 120 3671 925 3744; x_wconf 84' lang='lat' dir='ltr'>uemutilem,iucipitenarrarelleilocutiouemquamsu·</span> 
     </span>
     <span class='ocr_line' id='line_1_68' title="bbox 120 3759 924 3833; baseline -0.001 -18"><span class='ocrx_word' id='word_1_540' title='bbox 120 3760 215 3833; x_wconf 91' lang='lat' dir='ltr'>perius</span> <span class='ocrx_word' id='word_1_541' title='bbox 223 3759 365 3831; x_wconf 88' lang='lat' dir='ltr'>promisit,</span> <span class='ocrx_word' id='word_1_542' title='bbox 378 3759 416 3814; x_wconf 89' lang='lat' dir='ltr'>sic</span> <span class='ocrx_word' id='word_1_543' title='bbox 429 3775 435 3813; x_wconf 95' lang='lat'><strong>:</strong></span> <span class='ocrx_word' id='word_1_544' title='bbox 448 3759 509 3814; x_wconf 81' lang='lat' dir='ltr'>Dixi</span> <span class='ocrx_word' id='word_1_545' title='bbox 528 3760 603 3831; x_wconf 90' lang='lat' dir='ltr'>quod</span> <span class='ocrx_word' id='word_1_546' title='bbox 620 3759 693 3815; x_wconf 80' lang='lat' dir='ltr'>Deus</span> <span class='ocrx_word' id='word_1_547' title='bbox 706 3760 813 3816; x_wconf 79' lang='lat' dir='ltr'>deor-mo</span> <span class='ocrx_word' id='word_1_548' title='bbox 826 3761 924 3832; x_wconf 92' lang='lat' dir='ltr'>loque·</span> 
     </span>
     <span class='ocr_line' id='line_1_69' title="bbox 120 3847 926 3921; baseline -0.007 -16"><span class='ocrx_word' id='word_1_549' title='bbox 120 3854 167 3905; x_wconf 90' lang='lat' dir='ltr'>tur</span> <span class='ocrx_word' id='word_1_550' title='bbox 182 3867 233 3921; x_wconf 91' lang='lat' dir='ltr'>per</span> <span class='ocrx_word' id='word_1_551' title='bbox 242 3848 354 3917; x_wconf 83' lang='lat' dir='ltr'>Filium,</span> <span class='ocrx_word' id='word_1_552' title='bbox 371 3865 434 3919; x_wconf 81' lang='lat' dir='ltr'>qum</span> <span class='ocrx_word' id='word_1_553' title='bbox 450 3848 556 3903; x_wconf 88' lang='lat' dir='ltr'>locutio</span> <span class='ocrx_word' id='word_1_554' title='bbox 570 3852 612 3902; x_wconf 90' lang='lat' dir='ltr'>est</span> <span class='ocrx_word' id='word_1_555' title='bbox 627 3848 689 3902; x_wconf 74' lang='lat' dir='ltr'>hinc</span> <span class='ocrx_word' id='word_1_556' title='bbox 704 3848 805 3915; x_wconf 64' lang='lat' dir='ltr'>:duda</span> <span class='ocrx_word' id='word_1_557' title='bbox 812 3847 926 3919; x_wconf 82' lang='lat' dir='ltr'>populns</span> 
     </span>
     <span class='ocr_line' id='line_1_70' title="bbox 120 3935 925 4000; baseline -0.004 -8"><span class='ocrx_word' id='word_1_558' title='bbox 120 3956 194 3992; x_wconf 80' lang='lat' dir='ltr'>arens</span> <span class='ocrx_word' id='word_1_559' title='bbox 207 3936 301 3990; x_wconf 85' lang='lat' dir='ltr'>lsroet.</span> <span class='ocrx_word' id='word_1_560' title='bbox 318 3935 401 4000; x_wconf 83' lang='lat' dir='ltr'>Quod</span> <span class='ocrx_word' id='word_1_561' title='bbox 418 3939 460 3990; x_wconf 87' lang='lat' dir='ltr'>est</span> <span class='ocrx_word' id='word_1_562' title='bbox 471 3953 502 3991; x_wconf 90' lang='lat' dir='ltr'>ae</span> <span class='ocrx_word' id='word_1_563' title='bbox 515 3936 537 3989; x_wconf 92' lang='lat' dir='ltr'>si</span> <span class='ocrx_word' id='word_1_564' title='bbox 549 3936 665 3991; x_wconf 88' lang='lat' dir='ltr'>diceret.</span> <span class='ocrx_word' id='word_1_565' title='bbox 677 3936 717 3990; x_wconf 85' lang='lat' dir='ltr'>Tu</span> <span class='ocrx_word' id='word_1_566' title='bbox 733 3936 862 3992; x_wconf 84' lang='lat' dir='ltr'>collectio</span> <span class='ocrx_word' id='word_1_567' title='bbox 878 3936 925 3990; x_wconf 88' lang='lat' dir='ltr'>tu-</span> 
     </span>
     <span class='ocr_line' id='line_1_71' title="bbox 123 4024 927 4095; baseline -0.006 -14"><span class='ocrx_word' id='word_1_568' title='bbox 123 4027 263 4091; x_wconf 73' lang='lat' dir='ltr'>daeorum,</span> <span class='ocrx_word' id='word_1_569' title='bbox 281 4041 344 4095; x_wconf 82' lang='lat' dir='ltr'>queo</span> <span class='ocrx_word' id='word_1_570' title='bbox 360 4025 480 4095; x_wconf 88' lang='lat' dir='ltr'>populus</span> <span class='ocrx_word' id='word_1_571' title='bbox 500 4041 582 4078; x_wconf 91' lang='lat' dir='ltr'>meus</span> <span class='ocrx_word' id='word_1_572' title='bbox 597 4025 749 4095; x_wconf 89' lang='lat' dir='ltr'>peculiaris</span> <span class='ocrx_word' id='word_1_573' title='bbox 765 4042 804 4092; x_wconf 90' lang='lat' dir='ltr'>es,</span> <span class='ocrx_word' id='word_1_574' title='bbox 823 4024 868 4079; x_wconf 91' lang='lat' dir='ltr'>eui</span> <span class='ocrx_word' id='word_1_575' title='bbox 883 4024 927 4079; x_wconf 89' lang='lat' dir='ltr'>tot</span> 
     </span>
     <span class='ocr_line' id='line_1_72' title="bbox 124 4111 928 4185; baseline -0.001 -16"><span class='ocrx_word' id='word_1_576' title='bbox 124 4112 255 4185; x_wconf 84' lang='lat' dir='ltr'>impendi</span> <span class='ocrx_word' id='word_1_577' title='bbox 267 4111 475 4183; x_wconf 80' lang='lat' dir='ltr'>lieuelicia,qui</span> <span class='ocrx_word' id='word_1_578' title='bbox 487 4112 574 4165; x_wconf 88' lang='lat' dir='ltr'>debes</span> <span class='ocrx_word' id='word_1_579' title='bbox 588 4129 647 4166; x_wconf 91' lang='lat' dir='ltr'>esse</span> <span class='ocrx_word' id='word_1_580' title='bbox 662 4111 756 4180; x_wconf 79' lang='lat' dir='ltr'>Israel,</span> <span class='ocrx_word' id='word_1_581' title='bbox 767 4112 797 4168; x_wconf 91' lang='lat' dir='ltr'>id</span> <span class='ocrx_word' id='word_1_582' title='bbox 812 4115 928 4168; x_wconf 91' lang='lat' dir='ltr'>estcon·</span> 
     </span>
     <span class='ocr_line' id='line_1_73' title="bbox 124 4200 927 4273; baseline -0.001 -15"><span class='ocrx_word' id='word_1_583' title='bbox 124 4204 269 4273; x_wconf 89' lang='lat' dir='ltr'>temptans</span> <span class='ocrx_word' id='word_1_584' title='bbox 283 4200 418 4265; x_wconf 87' lang='lat' dir='ltr'>coelestia,</span> <span class='ocrx_word' id='word_1_585' title='bbox 435 4216 493 4255; x_wconf 93' lang='lat' dir='ltr'>uon</span> <span class='ocrx_word' id='word_1_586' title='bbox 510 4217 559 4255; x_wconf 91' lang='lat' dir='ltr'>cor</span> <span class='ocrx_word' id='word_1_587' title='bbox 572 4200 680 4255; x_wconf 88' lang='lat' dir='ltr'>habens</span> <span class='ocrx_word' id='word_1_588' title='bbox 703 4201 884 4272; x_wconf 88' lang='lat' dir='ltr'>depresssum</span> <span class='ocrx_word' id='word_1_589' title='bbox 897 4203 927 4257; x_wconf 94' lang='lat' dir='ltr'>iu</span> 
     </span>
    </p>
   </div>
   <div class='ocr_carea' id='block_1_14' title="bbox 975 3578 1782 4263">
    <p class='ocr_par' dir='ltr' id='par_1_15' title="bbox 975 3578 1782 4263">
     <span class='ocr_line' id='line_1_74' title="bbox 975 3578 1776 3657; baseline 0.011 -25"><span class='ocrx_word' id='word_1_590' title='bbox 975 3578 1079 3633; x_wconf 87' lang='lat' dir='ltr'>restria</span> <span class='ocrx_word' id='word_1_591' title='bbox 1092 3579 1149 3633; x_wconf 91' lang='lat' dir='ltr'>sint</span> <span class='ocrx_word' id='word_1_592' title='bbox 1163 3596 1238 3634; x_wconf 87' lang='lat' dir='ltr'>mea.</span> <span class='ocrx_word' id='word_1_593' title='bbox 1255 3581 1317 3635; x_wconf 82' lang='lat' dir='ltr'>Nou</span> <span class='ocrx_word' id='word_1_594' title='bbox 1330 3581 1423 3636; x_wconf 89' lang='lat' dir='ltr'>solum</span> <span class='ocrx_word' id='word_1_595' title='bbox 1439 3586 1535 3638; x_wconf 90' lang='lat' dir='ltr'>autem</span> <span class='ocrx_word' id='word_1_596' title='bbox 1549 3600 1618 3639; x_wconf 89' lang='lat' dir='ltr'>mea</span> <span class='ocrx_word' id='word_1_597' title='bbox 1633 3588 1776 3657; x_wconf 85' lang='lat' dir='ltr'>suntqua-</span> 
     </span>
     <span class='ocr_line' id='line_1_75' title="bbox 977 3668 1778 3741; baseline 0.007 -18"><span class='ocrx_word' id='word_1_598' title='bbox 977 3668 1127 3740; x_wconf 88' lang='lat' dir='ltr'>drupedia,</span> <span class='ocrx_word' id='word_1_599' title='bbox 1144 3669 1193 3723; x_wconf 90' lang='lat' dir='ltr'>sed</span> <span class='ocrx_word' id='word_1_600' title='bbox 1208 3669 1295 3724; x_wconf 89' lang='lat' dir='ltr'>etiam</span> <span class='ocrx_word' id='word_1_601' title='bbox 1311 3673 1421 3741; x_wconf 78' lang='lat' dir='ltr'>coquent</span> <span class='ocrx_word' id='word_1_602' title='bbox 1430 3677 1520 3726; x_wconf 86' lang='lat' dir='ltr'>omnic</span> <span class='ocrx_word' id='word_1_603' title='bbox 1534 3672 1656 3728; x_wconf 79' lang='lat' dir='ltr'>volatitia</span> <span class='ocrx_word' id='word_1_604' title='bbox 1671 3674 1737 3740; x_wconf 83' lang='lat' dir='ltr'>coti,</span> <span class='ocrx_word' id='word_1_605' title='bbox 1750 3672 1778 3729; x_wconf 85' lang='lat' dir='ltr'>id</span> 
     </span>
     <span class='ocr_line' id='line_1_76' title="bbox 977 3756 1779 3833; baseline 0.011 -23"><span class='ocrx_word' id='word_1_606' title='bbox 977 3760 1019 3811; x_wconf 85' lang='lat' dir='ltr'>est</span> <span class='ocrx_word' id='word_1_607' title='bbox 1032 3773 1097 3811; x_wconf 90' lang='lat' dir='ltr'>cum</span> <span class='ocrx_word' id='word_1_608' title='bbox 1111 3756 1229 3812; x_wconf 89' lang='lat' dir='ltr'>Creator</span> <span class='ocrx_word' id='word_1_609' title='bbox 1248 3775 1349 3813; x_wconf 91' lang='lat' dir='ltr'>eorum</span> <span class='ocrx_word' id='word_1_610' title='bbox 1366 3759 1430 3826; x_wconf 80' lang='lat' dir='ltr'>siin,</span> <span class='ocrx_word' id='word_1_611' title='bbox 1443 3777 1585 3833; x_wconf 84' lang='lat' dir='ltr'>cognosco</span> <span class='ocrx_word' id='word_1_612' title='bbox 1601 3778 1708 3818; x_wconf 89' lang='lat' dir='ltr'>eorum</span> <span class='ocrx_word' id='word_1_613' title='bbox 1721 3779 1779 3819; x_wconf 88' lang='lat' dir='ltr'>om·</span> 
     </span>
     <span class='ocr_line' id='line_1_77' title="bbox 977 3845 1779 3920; baseline 0.006 -20"><span class='ocrx_word' id='word_1_614' title='bbox 977 3845 1057 3900; x_wconf 89' lang='lat' dir='ltr'>nium</span> <span class='ocrx_word' id='word_1_615' title='bbox 1069 3849 1212 3901; x_wconf 89' lang='lat' dir='ltr'>naturam.</span> <span class='ocrx_word' id='word_1_616' title='bbox 1223 3847 1321 3902; x_wconf 87' lang='lat' dir='ltr'>Etuon</span> <span class='ocrx_word' id='word_1_617' title='bbox 1330 3848 1422 3903; x_wconf 88' lang='lat' dir='ltr'>solum</span> <span class='ocrx_word' id='word_1_618' title='bbox 1434 3849 1559 3905; x_wconf 88' lang='lat' dir='ltr'>volatilia</span> <span class='ocrx_word' id='word_1_619' title='bbox 1570 3867 1639 3907; x_wconf 85' lang='lat' dir='ltr'>mea</span> <span class='ocrx_word' id='word_1_620' title='bbox 1648 3854 1726 3920; x_wconf 88' lang='lat' dir='ltr'>sunt,</span> <span class='ocrx_word' id='word_1_621' title='bbox 1732 3850 1779 3907; x_wconf 86' lang='lat' dir='ltr'>sed</span> 
     </span>
     <span class='ocr_line' id='line_1_78' title="bbox 976 3934 1779 4011; baseline 0.011 -22"><span class='ocrx_word' id='word_1_622' title='bbox 976 3941 999 3989; x_wconf 90' lang='lat' dir='ltr'>et</span> <span class='ocrx_word' id='word_1_623' title='bbox 1023 3934 1194 4006; x_wconf 79' lang='lat' dir='ltr'>pulchritudo</span> <span class='ocrx_word' id='word_1_624' title='bbox 1213 3937 1273 4004; x_wconf 81' lang='lat' dir='ltr'>oqri</span> <span class='ocrx_word' id='word_1_625' title='bbox 1283 3951 1385 3991; x_wconf 73' lang='lat' dir='ltr'>craterem</span> <span class='ocrx_word' id='word_1_626' title='bbox 1400 3944 1446 4005; x_wconf 86' lang='lat' dir='ltr'>est,</span> <span class='ocrx_word' id='word_1_627' title='bbox 1463 3937 1493 3992; x_wconf 91' lang='lat' dir='ltr'>id</span> <span class='ocrx_word' id='word_1_628' title='bbox 1508 3940 1552 3992; x_wconf 83' lang='lat' dir='ltr'>est</span> <span class='ocrx_word' id='word_1_629' title='bbox 1564 3939 1694 4011; x_wconf 71' lang='lat' dir='ltr'>pulchre·</span> <span class='ocrx_word' id='word_1_630' title='bbox 1706 3957 1779 3997; x_wconf 79' lang='lat' dir='ltr'>mes·</span> 
     </span>
     <span class='ocr_line' id='line_1_79' title="bbox 976 4021 1778 4097; baseline 0.01 -21"><span class='ocrx_word' id='word_1_631' title='bbox 976 4040 1030 4090; x_wconf 89' lang='lat' dir='ltr'>ses,</span> <span class='ocrx_word' id='word_1_632' title='bbox 1042 4025 1070 4076; x_wconf 89' lang='lat' dir='ltr'>et</span> <span class='ocrx_word' id='word_1_633' title='bbox 1085 4021 1354 4094; x_wconf 79' lang='lat' dir='ltr'>fructusagrorum,</span> <span class='ocrx_word' id='word_1_634' title='bbox 1369 4024 1398 4078; x_wconf 93' lang='lat' dir='ltr'>in</span> <span class='ocrx_word' id='word_1_635' title='bbox 1418 4025 1603 4097; x_wconf 86' lang='lat' dir='ltr'>dispositione</span> <span class='ocrx_word' id='word_1_636' title='bbox 1620 4044 1689 4084; x_wconf 89' lang='lat' dir='ltr'>mea</span> <span class='ocrx_word' id='word_1_637' title='bbox 1704 4029 1778 4083; x_wconf 87' lang='lat' dir='ltr'>suut.</span> 
     </span>
     <span class='ocr_line' id='line_1_80' title="bbox 977 4110 1779 4191; baseline 0.014 -26"><span class='ocrx_word' id='word_1_638' title='bbox 977 4112 1036 4183; x_wconf 86' lang='lat' dir='ltr'>Ego</span> <span class='ocrx_word' id='word_1_639' title='bbox 1050 4110 1128 4165; x_wconf 89' lang='lat' dir='ltr'>cuim</span> <span class='ocrx_word' id='word_1_640' title='bbox 1145 4111 1263 4166; x_wconf 87' lang='lat' dir='ltr'>Creator</span> <span class='ocrx_word' id='word_1_641' title='bbox 1275 4128 1386 4167; x_wconf 91' lang='lat' dir='ltr'>eorum.</span> <span class='ocrx_word' id='word_1_642' title='bbox 1400 4114 1439 4167; x_wconf 82' lang='lat' dir='ltr'>Ae</span> <span class='ocrx_word' id='word_1_643' title='bbox 1450 4113 1472 4168; x_wconf 92' lang='lat' dir='ltr'>si</span> <span class='ocrx_word' id='word_1_644' title='bbox 1486 4114 1594 4170; x_wconf 87' lang='lat' dir='ltr'>direret</span> <span class='ocrx_word' id='word_1_645' title='bbox 1605 4133 1611 4170; x_wconf 94' lang='lat'>:</span> <span class='ocrx_word' id='word_1_646' title='bbox 1622 4118 1688 4173; x_wconf 83' lang='lat' dir='ltr'>Nou</span> <span class='ocrx_word' id='word_1_647' title='bbox 1697 4134 1779 4191; x_wconf 83' lang='lat' dir='ltr'>egeo.</span> 
     </span>
     <span class='ocr_line' id='line_1_81' title="bbox 979 4198 1782 4263; baseline 0.012 -10"><span class='ocrx_word' id='word_1_648' title='bbox 979 4203 1008 4253; x_wconf 92' lang='lat' dir='ltr'>ut</span> <span class='ocrx_word' id='word_1_649' title='bbox 1016 4198 1144 4253; x_wconf 84' lang='lat' dir='ltr'>desmilri</span> <span class='ocrx_word' id='word_1_650' title='bbox 1157 4199 1278 4254; x_wconf 79' lang='lat' dir='ltr'>volatilia</span> <span class='ocrx_word' id='word_1_651' title='bbox 1289 4203 1318 4254; x_wconf 89' lang='lat' dir='ltr'>et</span> <span class='ocrx_word' id='word_1_652' title='bbox 1328 4218 1434 4256; x_wconf 87' lang='lat' dir='ltr'>messes</span> <span class='ocrx_word' id='word_1_653' title='bbox 1443 4202 1471 4256; x_wconf 92' lang='lat' dir='ltr'>in</span> <span class='ocrx_word' id='word_1_654' title='bbox 1482 4203 1654 4260; x_wconf 86' lang='lat' dir='ltr'>sacrificium</span> <span class='ocrx_word' id='word_1_655' title='bbox 1662 4206 1715 4262; x_wconf 91' lang='lat' dir='ltr'>tibi</span> <span class='ocrx_word' id='word_1_656' title='bbox 1724 4207 1782 4263; x_wconf 90' lang='lat' dir='ltr'>inu·</span> 
     </span>
    </p>
   </div>
   <div class='ocr_carea' id='block_1_15' title="bbox 126 4275 1783 4367">
    <p class='ocr_par' dir='ltr' id='par_1_16' title="bbox 126 4275 1783 4367">
     <span class='ocr_line' id='line_1_82' title="bbox 126 4275 1783 4367; baseline 0.002 -21"><span class='ocrx_word' id='word_1_657' title='bbox 126 4296 242 4347; x_wconf 89' lang='lat' dir='ltr'>terrena</span> <span class='ocrx_word' id='word_1_658' title='bbox 258 4309 264 4344; x_wconf 95' lang='lat'>:</span> <span class='ocrx_word' id='word_1_659' title='bbox 279 4287 455 4344; x_wconf 85' lang='lat' dir='ltr'>ondiauditu</span> <span class='ocrx_word' id='word_1_660' title='bbox 469 4288 598 4343; x_wconf 90' lang='lat' dir='ltr'>interiori</span> <span class='ocrx_word' id='word_1_661' title='bbox 617 4305 681 4359; x_wconf 73' lang='lat' dir='ltr'>quae</span> <span class='ocrx_word' id='word_1_662' title='bbox 700 4289 804 4357; x_wconf 86' lang='lat' dir='ltr'>dicam,</span> <span class='ocrx_word' id='word_1_663' title='bbox 826 4295 854 4346; x_wconf 90' lang='lat' dir='ltr'>et</span> <span class='ocrx_word' id='word_1_664' title='bbox 873 4308 926 4363; x_wconf 84' lang='lat' dir='ltr'>ego</span> <span class='ocrx_word' id='word_1_665' title='bbox 940 4275 966 4334; x_wconf 86' lang='lat' dir='ltr'>D</span> <span class='ocrx_word' id='word_1_666' title='bbox 978 4287 1036 4342; x_wconf 89' lang='lat' dir='ltr'>tile.</span> <span class='ocrx_word' id='word_1_667' title='bbox 1046 4287 1197 4342; x_wconf 78' lang='lat' dir='ltr'>[leccenim</span> <span class='ocrx_word' id='word_1_668' title='bbox 1208 4288 1307 4343; x_wconf 90' lang='lat' dir='ltr'>omnia</span> <span class='ocrx_word' id='word_1_669' title='bbox 1331 4305 1397 4345; x_wconf 90' lang='lat' dir='ltr'>mea</span> <span class='ocrx_word' id='word_1_670' title='bbox 1410 4295 1485 4347; x_wconf 90' lang='lat' dir='ltr'>suut.</span> <span class='ocrx_word' id='word_1_671' title='bbox 1497 4290 1569 4347; x_wconf 88' lang='lat' dir='ltr'>Cum</span> <span class='ocrx_word' id='word_1_672' title='bbox 1586 4293 1658 4350; x_wconf 91' lang='lat' dir='ltr'>dicit</span> <span class='ocrx_word' id='word_1_673' title='bbox 1672 4297 1783 4367; x_wconf 74' lang='lat' dir='ltr'>aequori</span> 
     </span>
    </p>
   </div>
   <div class='ocr_carea' id='block_1_16' title="bbox 121 4376 930 5514">
    <p class='ocr_par' dir='ltr' id='par_1_17' title="bbox 121 4376 930 5514">
     <span class='ocr_line' id='line_1_83' title="bbox 127 4376 926 4452; baseline -0.001 -18"><span class='ocrx_word' id='word_1_674' title='bbox 127 4379 176 4452; x_wconf 91' lang='lat' dir='ltr'>qui</span> <span class='ocrx_word' id='word_1_675' title='bbox 185 4380 273 4434; x_wconf 85' lang='lat' dir='ltr'>horno</span> <span class='ocrx_word' id='word_1_676' title='bbox 289 4377 421 4443; x_wconf 77' lang='lat' dir='ltr'>existens,</span> <span class='ocrx_word' id='word_1_677' title='bbox 433 4376 560 4430; x_wconf 90' lang='lat' dir='ltr'>humano</span> <span class='ocrx_word' id='word_1_678' title='bbox 573 4376 686 4448; x_wconf 88' lang='lat' dir='ltr'>loquor,</span> <span class='ocrx_word' id='word_1_679' title='bbox 695 4379 854 4447; x_wconf 79' lang='lat' dir='ltr'>testificabor</span> <span class='ocrx_word' id='word_1_680' title='bbox 869 4381 926 4448; x_wconf 76' lang='lat' dir='ltr'>o&#39;tt,</span> 
     </span>
     <span class='ocr_line' id='line_1_84' title="bbox 127 4463 928 4536; baseline 0.001 -14"><span class='ocrx_word' id='word_1_681' title='bbox 127 4468 215 4523; x_wconf 90' lang='lat' dir='ltr'>idest</span> <span class='ocrx_word' id='word_1_682' title='bbox 235 4464 400 4522; x_wconf 89' lang='lat' dir='ltr'>testimonio</span> <span class='ocrx_word' id='word_1_683' title='bbox 425 4463 638 4536; x_wconf 90' lang='lat' dir='ltr'>Scripturarum</span> <span class='ocrx_word' id='word_1_684' title='bbox 661 4469 775 4521; x_wconf 87' lang='lat' dir='ltr'>tuarum</span> <span class='ocrx_word' id='word_1_685' title='bbox 798 4468 928 4523; x_wconf 85' lang='lat' dir='ltr'>ethono-</span> 
     </span>
     <span class='ocr_line' id='line_1_85' title="bbox 127 4553 930 4626; baseline 0.001 -16"><span class='ocrx_word' id='word_1_686' title='bbox 127 4553 930 4626; x_wconf 79' lang='lat' dir='ltr'>ruuioperummeorumcomprobabotibiquiaDeeosum</span> 
     </span>
     <span class='ocr_line' id='line_1_86' title="bbox 128 4640 930 4709; baseline -0.001 -9"><span class='ocrx_word' id='word_1_687' title='bbox 128 4648 158 4700; x_wconf 89' lang='lat' dir='ltr'>et</span> <span class='ocrx_word' id='word_1_688' title='bbox 173 4661 231 4699; x_wconf 92' lang='lat' dir='ltr'>uon</span> <span class='ocrx_word' id='word_1_689' title='bbox 247 4643 367 4709; x_wconf 89' lang='lat' dir='ltr'>alienus,</span> <span class='ocrx_word' id='word_1_690' title='bbox 388 4642 439 4696; x_wconf 83' lang='lat' dir='ltr'>sed</span> <span class='ocrx_word' id='word_1_691' title='bbox 458 4640 531 4696; x_wconf 81' lang='lat' dir='ltr'>Deus</span> <span class='ocrx_word' id='word_1_692' title='bbox 547 4648 617 4695; x_wconf 76' lang='lat' dir='ltr'>tetus.</span> <span class='ocrx_word' id='word_1_693' title='bbox 634 4643 672 4697; x_wconf 86' lang='lat' dir='ltr'>Ac</span> <span class='ocrx_word' id='word_1_694' title='bbox 686 4644 708 4697; x_wconf 94' lang='lat' dir='ltr'>si</span> <span class='ocrx_word' id='word_1_695' title='bbox 725 4643 800 4699; x_wconf 87' lang='lat' dir='ltr'>dicat</span> <span class='ocrx_word' id='word_1_696' title='bbox 816 4661 823 4699; x_wconf 89' lang='lat'>:</span> <span class='ocrx_word' id='word_1_697' title='bbox 840 4645 930 4699; x_wconf 86' lang='lat' dir='ltr'>Debes</span> 
     </span>
     <span class='ocr_line' id='line_1_87' title="bbox 129 4730 928 4802; baseline 0 -13"><span class='ocrx_word' id='word_1_698' title='bbox 129 4734 228 4790; x_wconf 89' lang='lat' dir='ltr'>audire</span> <span class='ocrx_word' id='word_1_699' title='bbox 242 4750 300 4799; x_wconf 89' lang='lat' dir='ltr'>me,</span> <span class='ocrx_word' id='word_1_700' title='bbox 311 4735 339 4787; x_wconf 91' lang='lat' dir='ltr'>et</span> <span class='ocrx_word' id='word_1_701' title='bbox 347 4730 491 4786; x_wconf 85' lang='lat' dir='ltr'>audiendo</span> <span class='ocrx_word' id='word_1_702' title='bbox 502 4730 702 4802; x_wconf 90' lang='lat' dir='ltr'>obedire,quia</span> <span class='ocrx_word' id='word_1_703' title='bbox 710 4732 784 4788; x_wconf 86' lang='lat' dir='ltr'>Deus</span> <span class='ocrx_word' id='word_1_704' title='bbox 796 4742 928 4802; x_wconf 72' lang='lat' dir='ltr'>tarcessum,</span> 
     </span>
     <span class='ocr_line' id='line_1_88' title="bbox 128 4822 929 4898; baseline 0 -18"><span class='ocrx_word' id='word_1_705' title='bbox 128 4825 206 4898; x_wconf 90' lang='lat' dir='ltr'>quod</span> <span class='ocrx_word' id='word_1_706' title='bbox 222 4823 436 4895; x_wconf 90' lang='lat' dir='ltr'>Scripturarum</span> <span class='ocrx_word' id='word_1_707' title='bbox 448 4824 477 4874; x_wconf 88' lang='lat' dir='ltr'>et</span> <span class='ocrx_word' id='word_1_708' title='bbox 490 4837 612 4893; x_wconf 89' lang='lat' dir='ltr'>operum</span> <span class='ocrx_word' id='word_1_709' title='bbox 623 4822 786 4878; x_wconf 90' lang='lat' dir='ltr'>testimonio</span> <span class='ocrx_word' id='word_1_710' title='bbox 796 4841 929 4896; x_wconf 87' lang='lat' dir='ltr'>compro·</span> 
     </span>
     <span class='ocr_line' id='line_1_89' title="bbox 127 4909 929 4975; baseline -0.001 -6"><span class='ocrx_word' id='word_1_711' title='bbox 127 4915 223 4970; x_wconf 88' lang='lat' dir='ltr'>batur.</span> <span class='ocrx_word' id='word_1_712' title='bbox 240 4911 307 4968; x_wconf 89' lang='lat' dir='ltr'>Dico</span> <span class='ocrx_word' id='word_1_713' title='bbox 328 4910 407 4975; x_wconf 86' lang='lat' dir='ltr'>ondi;</span> <span class='ocrx_word' id='word_1_714' title='bbox 424 4912 451 4963; x_wconf 90' lang='lat' dir='ltr'>et</span> <span class='ocrx_word' id='word_1_715' title='bbox 471 4909 525 4964; x_wconf 90' lang='lat' dir='ltr'>huc</span> <span class='ocrx_word' id='word_1_716' title='bbox 550 4909 655 4964; x_wconf 88' lang='lat' dir='ltr'>scilicet</span> <span class='ocrx_word' id='word_1_717' title='bbox 667 4911 733 4965; x_wconf 82' lang='lat' dir='ltr'>nudi</span> <span class='ocrx_word' id='word_1_718' title='bbox 748 4929 756 4964; x_wconf 88' lang='lat'>:</span> <span class='ocrx_word' id='word_1_719' title='bbox 772 4912 834 4967; x_wconf 76' lang='lat' dir='ltr'>Noli</span> <span class='ocrx_word' id='word_1_720' title='bbox 856 4914 929 4968; x_wconf 89' lang='lat' dir='ltr'>ulte-</span> 
     </span>
     <span class='ocr_line' id='line_1_90' title="bbox 126 4997 929 5074; baseline -0.001 -16"><span class='ocrx_word' id='word_1_721' title='bbox 126 5003 185 5058; x_wconf 89' lang='lat' dir='ltr'>rius</span> <span class='ocrx_word' id='word_1_722' title='bbox 200 5001 304 5057; x_wconf 85' lang='lat' dir='ltr'>otierre</span> <span class='ocrx_word' id='word_1_723' title='bbox 320 4998 390 5054; x_wconf 91' lang='lat' dir='ltr'>mihi</span> <span class='ocrx_word' id='word_1_724' title='bbox 411 4997 547 5052; x_wconf 85' lang='lat' dir='ltr'>sacrificia</span> <span class='ocrx_word' id='word_1_725' title='bbox 573 4998 687 5069; x_wconf 86' lang='lat' dir='ltr'>legalia,</span> <span class='ocrx_word' id='word_1_726' title='bbox 706 5017 768 5072; x_wconf 76' lang='lat' dir='ltr'>qua</span> <span class='ocrx_word' id='word_1_727' title='bbox 784 5001 929 5074; x_wconf 88' lang='lat' dir='ltr'>hucusque</span> 
     </span>
     <span class='ocr_line' id='line_1_91' title="bbox 126 5087 929 5163; baseline 0 -17"><span class='ocrx_word' id='word_1_728' title='bbox 126 5091 210 5163; x_wconf 83' lang='lat' dir='ltr'>signa</span> <span class='ocrx_word' id='word_1_729' title='bbox 224 5089 350 5154; x_wconf 89' lang='lat' dir='ltr'>luerunt,</span> <span class='ocrx_word' id='word_1_730' title='bbox 368 5087 455 5141; x_wconf 93' lang='lat' dir='ltr'>modo</span> <span class='ocrx_word' id='word_1_731' title='bbox 469 5103 535 5140; x_wconf 84' lang='lat' dir='ltr'>vero</span> <span class='ocrx_word' id='word_1_732' title='bbox 552 5090 704 5159; x_wconf 87' lang='lat' dir='ltr'>postquam</span> <span class='ocrx_word' id='word_1_733' title='bbox 721 5105 820 5144; x_wconf 89' lang='lat' dir='ltr'>eorum</span> <span class='ocrx_word' id='word_1_734' title='bbox 831 5088 929 5161; x_wconf 88' lang='lat' dir='ltr'>signa-</span> 
     </span>
     <span class='ocr_line' id='line_1_92' title="bbox 124 5174 868 5248; baseline -0.001 -14"><span class='ocrx_word' id='word_1_735' title='bbox 124 5181 186 5234; x_wconf 86' lang='lat' dir='ltr'>tum</span> <span class='ocrx_word' id='word_1_736' title='bbox 201 5176 327 5242; x_wconf 89' lang='lat' dir='ltr'>advenit,</span> <span class='ocrx_word' id='word_1_737' title='bbox 344 5175 426 5248; x_wconf 83' lang='lat' dir='ltr'>sigua</span> <span class='ocrx_word' id='word_1_738' title='bbox 442 5191 500 5229; x_wconf 91' lang='lat' dir='ltr'>non</span> <span class='ocrx_word' id='word_1_739' title='bbox 517 5177 592 5242; x_wconf 90' lang='lat' dir='ltr'>sunt,</span> <span class='ocrx_word' id='word_1_740' title='bbox 608 5174 730 5247; x_wconf 89' lang='lat' dir='ltr'>ideoque</span> <span class='ocrx_word' id='word_1_741' title='bbox 746 5176 868 5235; x_wconf 89' lang='lat' dir='ltr'>inutilia.</span> 
     </span>
     <span class='ocr_line' id='line_1_93' title="bbox 158 5262 926 5334; baseline 0 -13"><span class='ocrx_word' id='word_1_742' title='bbox 158 5267 223 5322; x_wconf 81' lang='lat' dir='ltr'>Nou</span> <span class='ocrx_word' id='word_1_743' title='bbox 238 5264 316 5320; x_wconf 90' lang='lat' dir='ltr'>enirn</span> <span class='ocrx_word' id='word_1_744' title='bbox 330 5262 436 5317; x_wconf 89' lang='lat' dir='ltr'>amodo</span> <span class='ocrx_word' id='word_1_745' title='bbox 452 5280 565 5331; x_wconf 83' lang='lat' dir='ltr'>arquorn</span> <span class='ocrx_word' id='word_1_746' title='bbox 585 5270 609 5317; x_wconf 89' lang='lat' dir='ltr'>te</span> <span class='ocrx_word' id='word_1_747' title='bbox 629 5266 657 5317; x_wconf 85' lang='lat' dir='ltr'>in</span> <span class='ocrx_word' id='word_1_748' title='bbox 670 5266 805 5334; x_wconf 71' lang='lat' dir='ltr'>sacrificiis</span> <span class='ocrx_word' id='word_1_749' title='bbox 820 5268 872 5320; x_wconf 84' lang='lat' dir='ltr'>tuis</span> <span class='ocrx_word' id='word_1_750' title='bbox 885 5268 926 5322; x_wconf 89' lang='lat' dir='ltr'>le·</span> 
     </span>
     <span class='ocr_line' id='line_1_94' title="bbox 123 5349 926 5428; baseline -0.001 -18"><span class='ocrx_word' id='word_1_751' title='bbox 123 5355 243 5428; x_wconf 76' lang='lat' dir='ltr'>gadibus,</span> <span class='ocrx_word' id='word_1_752' title='bbox 264 5368 323 5407; x_wconf 93' lang='lat' dir='ltr'>uon</span> <span class='ocrx_word' id='word_1_753' title='bbox 345 5349 433 5419; x_wconf 75' lang='lat' dir='ltr'>datis,</span> <span class='ocrx_word' id='word_1_754' title='bbox 456 5350 537 5421; x_wconf 90' lang='lat' dir='ltr'>quasi</span> <span class='ocrx_word' id='word_1_755' title='bbox 554 5351 685 5406; x_wconf 89' lang='lat' dir='ltr'>diceret:</span> <span class='ocrx_word' id='word_1_756' title='bbox 712 5353 734 5407; x_wconf 90' lang='lat' dir='ltr'>si</span> <span class='ocrx_word' id='word_1_757' title='bbox 751 5353 819 5408; x_wconf 91' lang='lat' dir='ltr'>dum</span> <span class='ocrx_word' id='word_1_758' title='bbox 845 5354 926 5426; x_wconf 86' lang='lat' dir='ltr'>signa</span> 
     </span>
     <span class='ocr_line' id='line_1_95' title="bbox 121 5439 923 5514; baseline 0.002 -16"><span class='ocrx_word' id='word_1_759' title='bbox 121 5440 287 5514; x_wconf 85' lang='lat' dir='ltr'>erantlegis</span> <span class='ocrx_word' id='word_1_760' title='bbox 301 5439 521 5496; x_wconf 77' lang='lat' dir='ltr'>novenondum</span> <span class='ocrx_word' id='word_1_761' title='bbox 534 5439 795 5505; x_wconf 84' lang='lat' dir='ltr'>existentis‚eauon</span> <span class='ocrx_word' id='word_1_762' title='bbox 806 5442 923 5500; x_wconf 89' lang='lat' dir='ltr'>obtulis-</span> 
     </span>
    </p>
   </div>
   <div class='ocr_carea' id='block_1_17' title="bbox 118 5527 921 5609">
    <p class='ocr_par' dir='ltr' id='par_1_18' title="bbox 118 5527 921 5609">
     <span class='ocr_line' id='line_1_96' title="bbox 118 5527 921 5609; baseline 0.004 -19"><span class='ocrx_word' id='word_1_763' title='bbox 118 5546 174 5605; x_wconf 82' lang='lat' dir='ltr'>ses,</span> <span class='ocrx_word' id='word_1_764' title='bbox 188 5533 218 5589; x_wconf 85' lang='lat' dir='ltr'>te</span> <span class='ocrx_word' id='word_1_765' title='bbox 238 5528 337 5604; x_wconf 88' lang='lat' dir='ltr'>utique</span> <span class='ocrx_word' id='word_1_766' title='bbox 357 5544 410 5603; x_wconf 87' lang='lat' dir='ltr'>per</span> <span class='ocrx_word' id='word_1_767' title='bbox 429 5527 584 5603; x_wconf 87' lang='lat' dir='ltr'>prophetes</span> <span class='ocrx_word' id='word_1_768' title='bbox 598 5529 807 5605; x_wconf 83' lang='lat' dir='ltr'>etScripturas,</span> <span class='ocrx_word' id='word_1_769' title='bbox 821 5534 849 5591; x_wconf 91' lang='lat' dir='ltr'>et</span> <span class='ocrx_word' id='word_1_770' title='bbox 866 5550 921 5609; x_wconf 87' lang='lat' dir='ltr'>per</span> 
     </span>
    </p>
   </div>
   <div class='ocr_carea' id='block_1_18' title="bbox 975 4375 1785 5613">
    <p class='ocr_par' dir='ltr' id='par_1_19' title="bbox 975 4375 1785 5613">
     <span class='ocr_line' id='line_1_97' title="bbox 978 4375 1782 4448; baseline 0.012 -18"><span class='ocrx_word' id='word_1_771' title='bbox 978 4376 1111 4442; x_wconf 75' lang='lat' dir='ltr'>cotentio,</span> <span class='ocrx_word' id='word_1_772' title='bbox 1123 4375 1216 4430; x_wconf 90' lang='lat' dir='ltr'>innuit</span> <span class='ocrx_word' id='word_1_773' title='bbox 1232 4376 1309 4448; x_wconf 90' lang='lat' dir='ltr'>quod</span> <span class='ocrx_word' id='word_1_774' title='bbox 1323 4394 1380 4432; x_wconf 75' lang='lat' dir='ltr'>sure</span> <span class='ocrx_word' id='word_1_775' title='bbox 1391 4383 1530 4434; x_wconf 75' lang='lat' dir='ltr'>creaturae</span> <span class='ocrx_word' id='word_1_776' title='bbox 1543 4383 1621 4435; x_wconf 86' lang='lat' dir='ltr'>suut.</span> <span class='ocrx_word' id='word_1_777' title='bbox 1643 4382 1718 4438; x_wconf 90' lang='lat' dir='ltr'>Cum</span> <span class='ocrx_word' id='word_1_778' title='bbox 1733 4401 1782 4440; x_wconf 90' lang='lat' dir='ltr'>au·</span> 
     </span>
     <span class='ocr_line' id='line_1_98' title="bbox 979 4464 1784 4545; baseline 0.01 -25"><span class='ocrx_word' id='word_1_779' title='bbox 979 4469 1039 4520; x_wconf 90' lang='lat' dir='ltr'>tem</span> <span class='ocrx_word' id='word_1_780' title='bbox 1052 4467 1080 4519; x_wconf 88' lang='lat' dir='ltr'>et</span> <span class='ocrx_word' id='word_1_781' title='bbox 1091 4464 1288 4536; x_wconf 88' lang='lat' dir='ltr'>quadrupedia</span> <span class='ocrx_word' id='word_1_782' title='bbox 1297 4469 1325 4520; x_wconf 90' lang='lat' dir='ltr'>et</span> <span class='ocrx_word' id='word_1_783' title='bbox 1335 4467 1460 4523; x_wconf 88' lang='lat' dir='ltr'>volatilia</span> <span class='ocrx_word' id='word_1_784' title='bbox 1468 4485 1533 4524; x_wconf 90' lang='lat' dir='ltr'>mea</span> <span class='ocrx_word' id='word_1_785' title='bbox 1543 4469 1611 4537; x_wconf 90' lang='lat' dir='ltr'>sint,</span> <span class='ocrx_word' id='word_1_786' title='bbox 1620 4474 1651 4526; x_wconf 84' lang='lat' dir='ltr'>et</span> <span class='ocrx_word' id='word_1_787' title='bbox 1660 4473 1784 4545; x_wconf 87' lang='lat' dir='ltr'>pulchri·</span> 
     </span>
     <span class='ocr_line' id='line_1_99' title="bbox 979 4553 1784 4633; baseline 0.012 -26"><span class='ocrx_word' id='word_1_788' title='bbox 979 4553 1048 4608; x_wconf 92' lang='lat' dir='ltr'>tudo</span> <span class='ocrx_word' id='word_1_789' title='bbox 1063 4570 1210 4625; x_wconf 88' lang='lat' dir='ltr'>agrorum,</span> <span class='ocrx_word' id='word_1_790' title='bbox 1223 4555 1248 4608; x_wconf 84' lang='lat' dir='ltr'>si</span> <span class='ocrx_word' id='word_1_791' title='bbox 1265 4555 1319 4609; x_wconf 91' lang='lat' dir='ltr'>hoc</span> <span class='ocrx_word' id='word_1_792' title='bbox 1334 4555 1368 4610; x_wconf 92' lang='lat' dir='ltr'>sit</span> <span class='ocrx_word' id='word_1_793' title='bbox 1384 4557 1461 4628; x_wconf 91' lang='lat' dir='ltr'>quod</span> <span class='ocrx_word' id='word_1_794' title='bbox 1476 4559 1599 4626; x_wconf 83' lang='lat' dir='ltr'>esuriero,</span> <span class='ocrx_word' id='word_1_795' title='bbox 1614 4560 1695 4633; x_wconf 93' lang='lat' dir='ltr'>quod</span> <span class='ocrx_word' id='word_1_796' title='bbox 1710 4578 1784 4617; x_wconf 89' lang='lat' dir='ltr'>nun-</span> 
     </span>
     <span class='ocr_line' id='line_1_100' title="bbox 981 4644 1785 4715; baseline 0.012 -19"><span class='ocrx_word' id='word_1_797' title='bbox 981 4659 1068 4714; x_wconf 90' lang='lat' dir='ltr'>qnam</span> <span class='ocrx_word' id='word_1_798' title='bbox 1085 4646 1183 4697; x_wconf 91' lang='lat' dir='ltr'>tamen</span> <span class='ocrx_word' id='word_1_799' title='bbox 1199 4644 1356 4715; x_wconf 85' lang='lat' dir='ltr'>continget,</span> <span class='ocrx_word' id='word_1_800' title='bbox 1368 4662 1422 4700; x_wconf 83' lang='lat' dir='ltr'>aaa</span> <span class='ocrx_word' id='word_1_801' title='bbox 1435 4645 1524 4700; x_wconf 81' lang='lat' dir='ltr'>dicem</span> <span class='ocrx_word' id='word_1_802' title='bbox 1535 4647 1584 4701; x_wconf 83' lang='lat' dir='ltr'>tibi</span> <span class='ocrx_word' id='word_1_803' title='bbox 1598 4651 1630 4703; x_wconf 87' lang='lat' dir='ltr'>ut</span> <span class='ocrx_word' id='word_1_804' title='bbox 1645 4649 1719 4705; x_wconf 89' lang='lat' dir='ltr'>mihi</span> <span class='ocrx_word' id='word_1_805' title='bbox 1732 4649 1785 4706; x_wconf 85' lang='lat' dir='ltr'>ista</span> 
     </span>
     <span class='ocr_line' id='line_1_101' title="bbox 981 4730 1784 4807; baseline 0.011 -21"><span class='ocrx_word' id='word_1_806' title='bbox 981 4730 1093 4788; x_wconf 81' lang='lat' dir='ltr'>offeras.</span> <span class='ocrx_word' id='word_1_807' title='bbox 1106 4732 1140 4786; x_wconf 88' lang='lat' dir='ltr'>Et</span> <span class='ocrx_word' id='word_1_808' title='bbox 1154 4731 1258 4803; x_wconf 91' lang='lat' dir='ltr'>repetit</span> <span class='ocrx_word' id='word_1_809' title='bbox 1272 4749 1387 4788; x_wconf 90' lang='lat' dir='ltr'>causam</span> <span class='ocrx_word' id='word_1_810' title='bbox 1403 4751 1494 4807; x_wconf 88' lang='lat' dir='ltr'>quare</span> <span class='ocrx_word' id='word_1_811' title='bbox 1504 4752 1563 4790; x_wconf 91' lang='lat' dir='ltr'>non</span> <span class='ocrx_word' id='word_1_812' title='bbox 1577 4736 1704 4804; x_wconf 86' lang='lat' dir='ltr'>dieat,ut</span> <span class='ocrx_word' id='word_1_813' title='bbox 1715 4755 1784 4795; x_wconf 90' lang='lat' dir='ltr'>con·</span> 
     </span>
     <span class='ocr_line' id='line_1_102' title="bbox 980 4819 1784 4895; baseline 0.01 -22"><span class='ocrx_word' id='word_1_814' title='bbox 980 4820 1087 4887; x_wconf 83' lang='lat' dir='ltr'>sumet,</span> <span class='ocrx_word' id='word_1_815' title='bbox 1100 4819 1136 4873; x_wconf 92' lang='lat' dir='ltr'>sit</span> <span class='ocrx_word' id='word_1_816' title='bbox 1152 4836 1236 4875; x_wconf 87' lang='lat' dir='ltr'>:rere</span> <span class='ocrx_word' id='word_1_817' title='bbox 1248 4837 1305 4876; x_wconf 92' lang='lat' dir='ltr'>non</span> <span class='ocrx_word' id='word_1_818' title='bbox 1323 4821 1428 4889; x_wconf 90' lang='lat' dir='ltr'>dicam,</span> <span class='ocrx_word' id='word_1_819' title='bbox 1440 4839 1493 4877; x_wconf 92' lang='lat' dir='ltr'>uec</span> <span class='ocrx_word' id='word_1_820' title='bbox 1515 4827 1643 4895; x_wconf 89' lang='lat' dir='ltr'>oportet.</span> <span class='ocrx_word' id='word_1_821' title='bbox 1658 4824 1739 4882; x_wconf 80' lang='lat' dir='ltr'>Meus</span> <span class='ocrx_word' id='word_1_822' title='bbox 1748 4833 1784 4883; x_wconf 83' lang='lat' dir='ltr'>ert</span> 
     </span>
     <span class='ocr_line' id='line_1_103' title="bbox 980 4910 1782 4989; baseline 0.01 -24"><span class='ocrx_word' id='word_1_823' title='bbox 980 4913 1049 4965; x_wconf 83' lang='lat' dir='ltr'>enim</span> <span class='ocrx_word' id='word_1_824' title='bbox 1064 4910 1136 4963; x_wconf 81' lang='lat' dir='ltr'>orbis</span> <span class='ocrx_word' id='word_1_825' title='bbox 1149 4916 1236 4975; x_wconf 76' lang='lat' dir='ltr'>terre,</span> <span class='ocrx_word' id='word_1_826' title='bbox 1244 4910 1273 4964; x_wconf 92' lang='lat' dir='ltr'>id</span> <span class='ocrx_word' id='word_1_827' title='bbox 1282 4914 1324 4965; x_wconf 88' lang='lat' dir='ltr'>est</span> <span class='ocrx_word' id='word_1_828' title='bbox 1336 4911 1525 4981; x_wconf 87' lang='lat' dir='ltr'>omuistcrra,</span> <span class='ocrx_word' id='word_1_829' title='bbox 1533 4921 1558 4967; x_wconf 89' lang='lat' dir='ltr'>et</span> <span class='ocrx_word' id='word_1_830' title='bbox 1565 4914 1782 4989; x_wconf 78' lang='lat' dir='ltr'>plenitudoejus,</span> 
     </span>
     <span class='ocr_line' id='line_1_104' title="bbox 979 4997 1783 5068; baseline 0.009 -15"><span class='ocrx_word' id='word_1_831' title='bbox 979 4997 1062 5053; x_wconf 89' lang='lat' dir='ltr'>idest</span> <span class='ocrx_word' id='word_1_832' title='bbox 1077 4997 1176 5052; x_wconf 80' lang='lat' dir='ltr'>ouinia</span> <span class='ocrx_word' id='word_1_833' title='bbox 1191 5014 1254 5068; x_wconf 75' lang='lat' dir='ltr'>qua</span> <span class='ocrx_word' id='word_1_834' title='bbox 1270 4998 1298 5051; x_wconf 92' lang='lat' dir='ltr'>iu</span> <span class='ocrx_word' id='word_1_835' title='bbox 1321 4998 1360 5053; x_wconf 87' lang='lat' dir='ltr'>eis</span> <span class='ocrx_word' id='word_1_836' title='bbox 1383 5003 1457 5053; x_wconf 89' lang='lat' dir='ltr'>snut.</span> <span class='ocrx_word' id='word_1_837' title='bbox 1483 5002 1523 5055; x_wconf 77' lang='lat' dir='ltr'>Ac</span> <span class='ocrx_word' id='word_1_838' title='bbox 1547 5001 1569 5056; x_wconf 92' lang='lat' dir='ltr'>si</span> <span class='ocrx_word' id='word_1_839' title='bbox 1589 5001 1667 5056; x_wconf 89' lang='lat' dir='ltr'>dicat</span> <span class='ocrx_word' id='word_1_840' title='bbox 1684 5020 1690 5057; x_wconf 95' lang='lat'><strong>:</strong></span> <span class='ocrx_word' id='word_1_841' title='bbox 1710 5003 1783 5061; x_wconf 90' lang='lat' dir='ltr'>Cum</span> 
     </span>
     <span class='ocr_line' id='line_1_105' title="bbox 979 5085 1783 5158; baseline 0.009 -17"><span class='ocrx_word' id='word_1_842' title='bbox 979 5104 1037 5142; x_wconf 90' lang='lat' dir='ltr'>uon</span> <span class='ocrx_word' id='word_1_843' title='bbox 1053 5086 1110 5141; x_wconf 88' lang='lat' dir='ltr'>sint</span> <span class='ocrx_word' id='word_1_844' title='bbox 1123 5085 1214 5156; x_wconf 85' lang='lat' dir='ltr'>sigua,</span> <span class='ocrx_word' id='word_1_845' title='bbox 1231 5086 1335 5141; x_wconf 86' lang='lat' dir='ltr'>rideris</span> <span class='ocrx_word' id='word_1_846' title='bbox 1349 5087 1453 5142; x_wconf 85' lang='lat' dir='ltr'>offerre</span> <span class='ocrx_word' id='word_1_847' title='bbox 1469 5088 1506 5143; x_wconf 89' lang='lat' dir='ltr'>ad</span> <span class='ocrx_word' id='word_1_848' title='bbox 1520 5089 1585 5158; x_wconf 89' lang='lat' dir='ltr'>hoc,</span> <span class='ocrx_word' id='word_1_849' title='bbox 1598 5094 1629 5145; x_wconf 88' lang='lat' dir='ltr'>ut</span> <span class='ocrx_word' id='word_1_850' title='bbox 1641 5090 1704 5147; x_wconf 85' lang='lat' dir='ltr'>haee</span> <span class='ocrx_word' id='word_1_851' title='bbox 1719 5109 1783 5148; x_wconf 91' lang='lat' dir='ltr'>esu·</span> 
     </span>
     <span class='ocr_line' id='line_1_106' title="bbox 977 5173 1782 5248; baseline 0.01 -18"><span class='ocrx_word' id='word_1_852' title='bbox 977 5176 1060 5230; x_wconf 89' lang='lat' dir='ltr'>riam.</span> <span class='ocrx_word' id='word_1_853' title='bbox 1076 5174 1121 5229; x_wconf 90' lang='lat' dir='ltr'>Sic</span> <span class='ocrx_word' id='word_1_854' title='bbox 1136 5173 1200 5229; x_wconf 85' lang='lat' dir='ltr'>ideo</span> <span class='ocrx_word' id='word_1_855' title='bbox 1216 5191 1274 5229; x_wconf 91' lang='lat' dir='ltr'>uon</span> <span class='ocrx_word' id='word_1_856' title='bbox 1290 5179 1405 5248; x_wconf 82' lang='lat' dir='ltr'>oportet</span> <span class='ocrx_word' id='word_1_857' title='bbox 1416 5194 1501 5243; x_wconf 90' lang='lat' dir='ltr'>;nam</span> <span class='ocrx_word' id='word_1_858' title='bbox 1515 5177 1538 5232; x_wconf 92' lang='lat' dir='ltr'>si</span> <span class='ocrx_word' id='word_1_859' title='bbox 1553 5179 1705 5247; x_wconf 85' lang='lat' dir='ltr'>esurirem,</span> <span class='ocrx_word' id='word_1_860' title='bbox 1723 5198 1782 5238; x_wconf 90' lang='lat' dir='ltr'>uon</span> 
     </span>
     <span class='ocr_line' id='line_1_107' title="bbox 977 5263 1780 5342; baseline 0.009 -22"><span class='ocrx_word' id='word_1_861' title='bbox 977 5280 1137 5337; x_wconf 87' lang='lat' dir='ltr'>quaererem</span> <span class='ocrx_word' id='word_1_862' title='bbox 1147 5263 1200 5318; x_wconf 88' lang='lat' dir='ltr'>ista</span> <span class='ocrx_word' id='word_1_863' title='bbox 1215 5281 1232 5318; x_wconf 92' lang='lat' dir='ltr'>a</span> <span class='ocrx_word' id='word_1_864' title='bbox 1246 5266 1412 5336; x_wconf 84' lang='lat' dir='ltr'>te:posseu1</span> <span class='ocrx_word' id='word_1_865' title='bbox 1425 5268 1502 5321; x_wconf 89' lang='lat' dir='ltr'>enim</span> <span class='ocrx_word' id='word_1_866' title='bbox 1514 5271 1632 5339; x_wconf 85' lang='lat' dir='ltr'>egomet</span> <span class='ocrx_word' id='word_1_867' title='bbox 1640 5269 1780 5342; x_wconf 88' lang='lat' dir='ltr'>accipere,</span> 
     </span>
     <span class='ocr_line' id='line_1_108' title="bbox 976 5351 1783 5427; baseline 0.01 -19"><span class='ocrx_word' id='word_1_868' title='bbox 976 5370 1042 5408; x_wconf 90' lang='lat' dir='ltr'>cum</span> <span class='ocrx_word' id='word_1_869' title='bbox 1058 5351 1153 5408; x_wconf 89' lang='lat' dir='ltr'>omnis</span> <span class='ocrx_word' id='word_1_870' title='bbox 1168 5356 1244 5407; x_wconf 87' lang='lat' dir='ltr'>terra</span> <span class='ocrx_word' id='word_1_871' title='bbox 1253 5352 1289 5407; x_wconf 91' lang='lat' dir='ltr'>sit</span> <span class='ocrx_word' id='word_1_872' title='bbox 1300 5370 1376 5421; x_wconf 88' lang='lat' dir='ltr'>mea,</span> <span class='ocrx_word' id='word_1_873' title='bbox 1385 5355 1642 5427; x_wconf 88' lang='lat' dir='ltr'>etquidquidcstiu</span> <span class='ocrx_word' id='word_1_874' title='bbox 1654 5374 1697 5414; x_wconf 87' lang='lat' dir='ltr'>ea.</span> <span class='ocrx_word' id='word_1_875' title='bbox 1710 5358 1783 5424; x_wconf 77' lang='lat' dir='ltr'>Quia</span> 
     </span>
     <span class='ocr_line' id='line_1_109' title="bbox 975 5443 1781 5521; baseline 0.009 -20"><span class='ocrx_word' id='word_1_876' title='bbox 975 5461 1042 5501; x_wconf 86' lang='lat' dir='ltr'>vero</span> <span class='ocrx_word' id='word_1_877' title='bbox 1056 5443 1175 5512; x_wconf 72' lang='lat' dir='ltr'>dixerat,</span> <span class='ocrx_word' id='word_1_878' title='bbox 1194 5445 1218 5498; x_wconf 81' lang='lat' dir='ltr'>si</span> <span class='ocrx_word' id='word_1_879' title='bbox 1237 5444 1362 5511; x_wconf 81' lang='lat' dir='ltr'>esuriero,</span> <span class='ocrx_word' id='word_1_880' title='bbox 1382 5448 1498 5518; x_wconf 88' lang='lat' dir='ltr'>putaret</span> <span class='ocrx_word' id='word_1_881' title='bbox 1518 5446 1622 5520; x_wconf 85' lang='lat' dir='ltr'>aliquis</span> <span class='ocrx_word' id='word_1_882' title='bbox 1635 5448 1715 5521; x_wconf 87' lang='lat' dir='ltr'>quod</span> <span class='ocrx_word' id='word_1_883' title='bbox 1729 5451 1781 5509; x_wconf 83' lang='lat' dir='ltr'>ali·</span> 
     </span>
     <span class='ocr_line' id='line_1_110' title="bbox 975 5531 1782 5613; baseline 0.014 -23"><span class='ocrx_word' id='word_1_884' title='bbox 975 5531 1121 5610; x_wconf 87' lang='lat' dir='ltr'>quomodo</span> <span class='ocrx_word' id='word_1_885' title='bbox 1140 5531 1271 5594; x_wconf 89' lang='lat' dir='ltr'>esuriret.</span> <span class='ocrx_word' id='word_1_886' title='bbox 1288 5531 1371 5600; x_wconf 80' lang='lat' dir='ltr'>Quod</span> <span class='ocrx_word' id='word_1_887' title='bbox 1385 5536 1516 5594; x_wconf 82' lang='lat' dir='ltr'>removet</span> <span class='ocrx_word' id='word_1_888' title='bbox 1528 5533 1582 5594; x_wconf 88' lang='lat' dir='ltr'>sic:</span> <span class='ocrx_word' id='word_1_889' title='bbox 1593 5538 1782 5613; x_wconf 82' lang='lat' dir='ltr'>quamvisdi·</span> 
     </span>
    </p>
   </div>
   <div class='ocr_carea' id='block_1_19' title="bbox 0 0 1904 5970">
    <p class='ocr_par' dir='ltr' id='par_1_20' title="bbox 0 0 1904 5970">
     <span class='ocr_line' id='line_1_111' title="bbox 0 0 1904 5970; baseline 0 0"><span class='ocrx_word' id='word_1_890' title='bbox 0 0 1904 5970; x_wconf 95' lang='lat' dir='ltr'> </span> 
     </span>
    </p>
   </div>
  </div>
 </body>
</html>
