3772 5970
470 289 498 346 S.
514 289 687 348 BRUNONlS
706 286 1027 385 CARTHUSIANORQ
1046 282 1281 342 INSTl'l'UTOItlS
1297 283 1375 341 OPP.
1392 280 1483 339 PARS
1500 280 1523 337 1.
1778 280 1833 338 636

164 409 1827 437 .----——----—--——-——-——-——-——----

562 495 802 583 LECTORI
833 492 1139 580 BENEVOLO
1161 490 1427 580 SALUTEM
1490 517 1492 521 ·

207 645 278 700 Cum
293 644 344 699 viri
359 646 468 717 aliquot
482 649 577 703 saeculi
589 649 673 718 hujus
683 648 785 703 eruditi
795 646 1205 719 dolentesquererenturhaud
1215 647 1386 717 posseplura
1396 662 1517 718 operum
1531 644 1586 701 divi
1597 640 1834 713 Brunonisrepe-

170 715 222 770 riri
237 717 422 787 exemplaria,
438 721 537 789 utpote
551 720 588 773 ab
602 719 684 773 annis
699 723 814 773 centum
832 735 890 773 non
905 735 1015 784 recusa,
1028 717 1357 798 accederetqueinsuper
1367 717 1521 787 superioris
1536 713 1788 771 nostriconsilium
1803 729 1835 767 ac

172 787 304 840 voluntas
316 788 447 842 nonnihil
459 792 490 842 ut
504 791 643 861 temporis
653 807 685 844 ac
695 790 801 844 laberis
814 790 842 843 in
853 789 962 843 recenti
969 788 1138 843 adornanda
1151 788 1277 842 editione
1306 805 1436 851 onerem,
1450 787 1594 858 nonpotui
1609 802 1668 841 non
1680 787 1833 839 utrorum·

174 872 229 929 que
236 857 555 915 desideriosatistacere.
564 861 607 915 Ad
613 860 850 941 quodquidcmin
866 877 912 914 me
924 859 1137 930 suscipiendum
1149 876 1230 919 onus.
1242 805 1325 913 111111
1335 859 1506 931 propensior
1523 859 1600 930 quod
1611 854 1833 929 typographum

173 942 265 982 essern
281 929 571 1001 nactusejuscemodi;
589 948 637 1055 qui
653 947 712 985 non
727 931 819 985 solum
841 932 971 985 chartam
994 930 1151 1055 sponderet
1169 929 1301 994 nitidam,
1323 930 1373 984 scd
1393 932 1421 983 et
1445 930 1642 984 characterem
1658 924 1836 998 comprimis

174 998 337 1070 elegantem
354 1016 386 1053 ac
395 1002 591 1071 spectabilem.
617 1021 633 1056 n
648 1002 805 1072 quostiam
821 1019 871 1056 suo
882 1018 949 1056 eum
960 1017 1012 1073 pro
1034 1000 1153 1055 eotficio
1165 999 1295 1053 sunctum
1310 1002 1431 1054 constat.
1450 1001 1538 1055 Poma
1554 999 1621 1071 quia
1632 995 1745 1067 antiqui
1762 997 1832 1050 cha·

173 1073 298 1123 racteres
313 1070 395 1123 variis
409 1072 555 1126 scatebant
568 1073 838 1137 abbreviationibus,
855 1089 924 1143 quas
940 1071 1025 1126 hodie
1048 1071 1255 1141 calcographiae
1278 1087 1372 1143 operae
1392 1087 1575 1141 nequaquam
1594 1069 1723 1139 capiunt,
1745 1083 1781 1120 ea
1802 1065 1832 1119 iii

173 1155 205 1193 re
220 1139 330 1194 solliciti
344 1141 460 1208 luimus,
477 1143 596 1214 singulm
610 1160 730 1214 qumque
746 1147 776 1197 ut
795 1144 933 1197 dictiones
946 1143 1066 1213 integris
1086 1141 1206 1196 omnine
1229 1141 1441 1195 characteribus
1460 1141 1703 1212 exprimerentur.
1720 1138 1831 1192 Dentes

173 1209 290 1290 insuper
305 1227 424 1282 operarii
438 1216 467 1266 ut
483 1213 694 1285 Scripturarum
709 1214 869 1280 citationes,
887 1213 1033 1284 margines
1050 1213 1117 1266 hinc
1138 1212 1205 1266 inde
1226 1212 1399 1275 obsidentes,
1422 1212 1478 1266 suis
1498 1212 1586 1266 etiam
1607 1227 1674 1265 cuni
1687 1206 1834 1263 versiculis

174 1280 264 1334 ubivis
279 1282 408 1336 locorum
424 1284 644 1350 collocarentur,
661 1301 805 1356 sacraque
820 1285 973 1356 Scripturae
988 1284 1085 1349 verba,
1111 1283 1146 1337 ab
1172 1283 1294 1337 auctoris
1318 1285 1451 1337 contextu
1467 1282 1522 1336 alie
1538 1279 1711 1336 characteris
1725 1293 1834 1356 genere

174 1349 452 1407 discriminnrcntur.
470 1353 538 1417 Quas
554 1358 662 1426 quanto
676 1356 757 1410 nohis
774 1359 903 1427 tempore
918 1372 950 1409 ac
964 1355 1073 1420 labore,
1091 1353 1167 1407 inter
1187 1356 1229 1407 tot
1243 1353 1412 1424 quotidiana
1425 1352 1535 1408 ordinis
1547 1351 1684 1407 exercitia
1699 1351 1835 1404 constite-

171 1420 241 1487 rint,
256 1421 334 1476 haud
346 1423 428 1477 facite
442 1424 573 1479 dixerim.
592 1426 744 1489 Craterum,
761 1426 828 1497 quia
843 1443 877 1480 ea
892 1442 955 1496 quae
971 1425 1001 1480 iii
1012 1429 1093 1480 tomo
1108 1424 1194 1478 tertio
1211 1424 1406 1491 continentur,
1421 1441 1437 1477 a
1452 1423 1598 1478 nonnullis
1613 1419 1744 1476 Brunoni
1758 1418 1831 1488 epis·

172 1506 244 1562 copo
261 1491 403 1563 Signiensi
414 1495 604 1562 ascribuntur,
621 1496 688 1550 hinc
704 1497 774 1550 scire
791 1497 932 1568 imprimis
948 1496 1082 1551 convenit
1107 1495 1279 1566 perantiqua
1305 1495 1414 1566 aliquot
1430 1494 1626 1566 manuscripta
1641 1489 1832 1560 exemplaria,

214 1578 237 1615 os
251 1562 279 1616 in
291 1566 369 1618 alma
380 1569 471 1619 matre
488 1566 636 1621 Carthusia
649 1571 715 1620 suut
729 1571 854 1638 reperta,
879 1568 967 1621 ubivis
985 1567 1015 1620 B.
1040 1567 1179 1621 Bruuenis
1207 1565 1387 1619 Carthusiaiii
1410 1582 1518 1619 nomeu
1542 1581 1601 1637 pria
1617 1580 1646 1617 se
1671 1563 1762 1616 11111.
1778 1558 1834 1638 Sed

196 1633 371 1713 enedictuin,
387 1635 529 1706 inquiunt,
545 1639 660 1691 Patrem
672 1641 763 1702 vocat,
778 1654 902 1708 eumque
916 1637 1074 1692 identidem
1090 1636 1287 1690 commendet.
1303 1636 1390 1690 Vocat
1406 1637 1434 1689 et
1452 1635 1597 1689 Abraham
1623 1637 1753 1698 Patrem,
1768 1646 1833 1701 quia

174 1717 241 1782 euin¹
255 1704 429 1759 imitandum
445 1707 586 1774 hortatur,
603 1725 721 1778 seseque
735 1708 771 1762 ad
785 1711 816 1762 l).
831 1709 987 1775 Benedicti,
1005 1710 1103 1778 utpote
1119 1707 1168 1778 qui
1183 1707 1260 1779 prius
1277 1706 1467 1772 eremiticam,
1487 1705 1673 1778 postmodum
1696 1718 1765 1756 vero
1782 1716 1832 1755 coe-

173 1773 330 1854 nobiticam
345 1775 430 1829 vitam
443 1776 531 1843 duxit,
547 1779 739 1833 consectanda
752 1779 870 1850 vestigia
886 1780 977 1833 tiberis
997 1778 1131 1850 equidem
1151 1778 1309 1849 componit.
1326 1777 1367 1831 At
1382 1777 1493 1848 scripsit
1513 1776 1543 1829 in
1564 1775 1694 1830 Exodum
1709 1773 1832 1842 111111-

173 1843 299 1914 calypsin
312 1846 429 1900 Joaiinis
442 1847 456 1900 ‘l
470 1848 543 1901 Nihil
559 1849 692 1920 prohihet
708 1851 736 1903 B.
754 1851 784 1903 P.
807 1854 937 1903 nostrum
962 1851 1127 1903 Brunoiiem
1151 1849 1179 1902 in
1202 1849 1319 1903 eosdem
1344 1848 1431 1902 libros
1450 1846 1660 1902 commentaria
1676 1843 1831 1913 scripsisse,

174 1929 238 1994 quie
254 1918 420 1986 temporum
435 1917 555 1973 forsitan
568 1920 673 1989 injuria
691 1920 901 1990 hominumque
925 1919 1035 1974 incuria
1053 1919 1239 1990 deperierint.
1257 1918 1339 1982 Quod
1363 1918 1385 1972 si
1401 1918 1464 1998 quis
1482 1917 1566 1972 aliter
1579 1916 1697 1981 sentiat,
1713 1930 1768 1985 per
1784 1928 1833 1966 iios

173 1982 239 2038 licet
251 1986 404 2057 unicuique
416 2003 466 2042 suo
481 1989 627 2045 abundare
645 2008 739 2045 sensu.
758 1991 867 2045 Caetera
878 2008 941 2062 quaa
959 2007 976 2045 a
997 1989 1080 2045 nohis
1101 1990 1155 2044 hoc
1172 1991 1202 2045 in
1218 2006 1306 2061 opere
1322 1993 1450 2060 praestita
1464 1991 1540 2055 sunt,
1562 1990 1622 2042 tute
1644 1986 1718 2058 ipse,
1741 1985 1832 2039 lector

68 2096 75 2102 .
171 2050 369 2127 integerrime,
383 2057 465 2112 facile
481 2059 689 2130 deprehendes.
706 2061 824 2116 Interim
839 2062 911 2129 vale,
924 2077 957 2115 ac
967 2060 1011 2116 his
1022 2060 1130 2115 fruere.

699 2256 895 2368 {tivo
950 2253 1309 2364 BRUNONl

794 2414 1037 2454 cauruosrauoauii
1058 2416 1212 2455 ruunaroui

383 2502 498 2591 PRO
549 2505 597 2590 P.
653 2497 964 2587 THEODORO
1026 2499 1265 2588 PETRAEO
1327 2501 1617 2590 CAMPENSI

626 2631 779 2687 EJUSDEM
793 2629 932 2686 annisis
946 2630 1040 2685 APUD
1060 2631 1161 2686 UBIOS
1182 2633 1371 2690 PROFESSO.

918 2737 1057 2746 ——----

173 2803 315 2865 llactenus
329 2811 433 2869 infanti
447 2831 564 2940 suppar,
582 2831 748 2895 magnoque
763 2813 892 2887 repulsus
984 2816 1012 2876 A
1028 2810 1084 2866 Seu
1104 2812 1198 2883 potius
1213 2812 1326 2884 pietatis
1338 2813 1432 2868 honos
1445 2816 1473 2868 et
1490 2811 1615 2866 colluhet
1628 2811 1707 2866 alma

208 2876 260 2932 Tui
274 2896 390 2953 pavore,
405 2886 466 2941 dive
505 2903 589 2954 runo,
606 2902 743 2952 nummis,
1062 2883 1173 2937 Merum
1188 2889 1321 2938 venustas
1337 2901 1343 2938 :
1362 2884 1439 2956 ipsus
1451 2883 1496 2938 hic
1512 2882 1697 2937 concernitur

175 2946 228 3012 Qui
243 2951 371 3009 residens
386 2957 478 3023 astris,
493 2957 641 3012 radiorum
662 2956 781 3011 ardente
797 2970 905 3009 corona
1026 2953 1194 3025 Retligicnis
1209 2971 1290 3028 aper.
1308 2954 1352 3010 Sic
1367 2954 1416 3009 uni
1430 2957 1535 3008 cuncta
1549 2952 1652 3008 dedisti

211 3020 323 3093 Fulges,
337 3029 365 3080 et
376 3028 477 3083 orbem
491 3045 603 3083 recreas
615 3046 628 3080 s
648 3027 814 3081 lendoribus
832 3043 838 3079 :
1063 3024 1131 3088 Quas
1151 3026 1264 3096 singula
1276 3032 1416 3081 exornare
1430 3027 1549 3080 caeteros
1564 3024 1668 3079 solent.

174 3088 306 3171 abstinui
321 3098 425 3153 meritc
441 3115 487 3153 me
502 3099 594 3155 laudis
609 3044 647 3152 ab,
658 3114 773 3168 aequore
791 3100 891 3164 tantas,
1026 3095 1091 3149 Hac
1105 3100 1198 3151 vastos
1213 3113 1328 3168 egressa
1341 3096 1419 3150 sinus
1435 3096 1539 3168 ignara
1551 3093 1659 3174 teneri.

211 3159 261 3241 llix
276 3168 403 3223 ommino
419 3169 530 3225 hiscens
546 3169 633 3223 inscio
654 3169 797 3223 mortalia.
1062 3164 1118 3221 Seii
1134 3166 1253 3222 flamma
1272 3167 1363 3222 ventis
1381 3169 1476 3233 aucta,
1492 3168 1549 3220 tate
1565 3165 1741 3235 promicant.

176 3230 284 3355 Ilipam
296 3239 434 3308 neglectas
450 3256 539 3294 musra
556 3244 709 3294 renovarat
724 3253 856 3293 amorem
1026 3237 1061 3290 Et
1077 3238 1163 3291 veluti
1181 3238 1326 3309 Cynosura
1336 3241 1423 3304 rates,
1439 3237 1592 3307 Ileliceque
1607 3240 1748 3306 paventes

234 3303 259 3356 ui
276 3321 391 3378 sequax,
407 3309 448 3363 tui
461 3313 586 3365 Petrinus
600 3311 731 3376 minutus,
1062 3307 1145 3379 Regit
1155 3311 1350 3363 tumultuante
1367 3312 1469 3362 nautas
1487 3322 1624 3378 aequore:

175 3369 302 3496 Urgebat
317 3382 453 3459 prompta
466 3398 495 3435 se
504 3383 674 3504 promptum
691 3381 788 3433 mente
807 3393 921 3450 poema,
1027 3377 1072 3433 Sic
1086 3383 1200 3433 recreat
1214 3380 1253 3434 sic
1267 3380 1313 3434 ille
1327 3379 1419 3451 praeit,
1438 3378 1460 3431 si
1477 3378 1551 3433 torte
1562 3376 1703 3431 clientum

124 3488 138 3507 .
237 3443 264 3497 hi
277 3447 348 3502 illes
370 3449 450 3503 iritus
465 3450 502 3504 ad
525 3467 558 3504 uc
578 3467 596 3522 p
609 3466 680 3504 enus
695 3449 734 3504 tui
1062 3450 1195 3515 Anhelet,
1211 3453 1260 3504 aut
1275 3451 1337 3520 quis
1349 3451 1438 3504 lassus
1454 3451 1530 3503 erret
1543 3446 1671 3501 tramite.

179 3511 272 3595 Cesso,
286 3517 335 3584 ait,
349 3464 434 3575 111111
450 3521 520 3575 mihi
535 3520 642 3575 trustra
655 3519 802 3575 meditaris
816 3520 942 3574 honores
1027 3521 1052 3574 ls
1058 3519 1152 3590 jubet.
1166 3523 1202 3573 At
1217 3536 1291 3575 curae
1308 3521 1370 3607 quis
1384 3518 1459 3590 par?
1476 3535 1546 3573 num
1559 3517 1672 3572 debitus
1691 3517 1743 3571 uni

202 3582 268 3665 ‘Qui
284 3606 358 3644 nunc
375 3590 444 3645 mihi
460 3592 557 3662 palam
572 3608 631 3646 esse
648 3591 717 3645 desii
734 3607 823 3644 meus.
1063 3591 1171 3661 ligone
1183 3591 1282 3661 quovis
1293 3591 1339 3645 ilie
1354 3591 1441 3645 sudor
1460 3588 1584 3644 durior?

179 3652 209 3708 Si
213 3659 298 3790 guod
311 3660 385 3716 inest
400 3663 498 3717 auimo
513 3663 650 3744 studium,
671 3663 714 3744 iel
727 3662 750 3715 si
764 3678 821 3733 qua
835 3660 975 3725 veluntas,
1027 3662 1113 3785 Ergo,
1130 3661 1206 3714 velut
1218 3664 1369 3741 volucrum¹
1382 3660 1514 3732 princeps
1531 3658 1606 3714 Jovis
1626 3657 1756 3729 armiger
1774 3658 1829 3711 ales

176 3796 227 3851 1110
239 3733 845 3881 lttttletatalocalitate.i.
1026 3734 1212 3872 icililtllss
1225 3732 1439 3874 tttttltsl
1452 3731 1754 3868 obsistis...

216 3868 279 3939 (Qui
295 3873 361 3928 vivit
375 3874 434 3929 imo
450 3876 547 3937 corde,
565 3892 612 3929 me
635 3892 669 3928 ue
685 3874 833 3946 proprium
1063 3875 1235 3942 Partemque
1251 3875 1376 3927 Pctraeus
1390 3873 1523 3928 laborum
1539 3876 1565 3925 te
1580 3872 1663 3924 vocat

177 3937 385 4015 Alternumque
399 3945 450 3999 sibi
466 3945 600 4015 devinxit)
642 3962 714 3999 runo
731 3944 868 4015 capessat.
1028 3941 1050 3998 0
1064 3947 1157 4014 pater,
1171 3960 1187 3997 o
1203 3960 1352 4015 nunquam
1365 3947 1430 3998 voto
1452 3942 1607 3997 frustrante
1623 3946 1741 3996 vocatus

165 4032 176 4041 -
205 4010 270 4089 'Aut
282 4014 359 4069 hunc
369 4032 451 4081 cane,
467 4019 517 4070 aut
531 4015 634 4070 absiste
647 4019 739 4084 coepto
764 4013 903 4068 carmine.
1062 4014 1169 4084 Auriga
1180 4015 1269 4069 nostri
1287 4015 1422 4086 idemque
1438 4030 1537 4067 currus
1548 4011 1668 4078 ordinis,

180 4079 255 4134 Diiit
269 4086 298 4136 et
312 4085 423 4140 erubui.
443 4084 516 4149 Quid
530 4086 608 4139 enim
623 4085 637 4139 ‘l
650 4102 733 4139 mens
744 4085 828 4139 anxia
844 4099 942 4137 sensus
987 4104 1013 4162 B
1026 4083 1069 4139 lla
1091 4084 1237 4155 iiacupido
1249 4082 1827 4156 rapitmentemqueanimumquc;tuere,

214 4150 338 4208 Tantum
349 4171 435 4226 supra
446 4155 590 4211 humanos
604 4157 704 4227 nequit
716 4173 745 4210 se
757 4156 869 4209 tollere.
1084 4156 1167 4226 neptis
1181 4155 1254 4222 lave,
1271 4157 1454 4227 clemensque
1469 4158 1562 4225 coepta
1576 4169 1725 4224 permove.

180 4217 253 4275 Nam
286 4228 336 4280 uot
346 4226 414 4280 silva
424 4226 502 4292 laris,
519 4230 589 4297 quot
600 4230 711 4281 vastum
748 4225 850 4280 iseibus
867 4239 976 4296 aequor,
1027 4226 1395 4292 Tecumnascanturmihi,
1433 4228 1516 4280 mate
1535 4228 1616 4296 patre
1632 4224 1785 4279 subauras

215 4240 367 4375 8111111111
383 4298 495 4364 emtum,
511 4243 854 4369 innnequetvofucribus
929 4365 935 4377 .
1064 4297 1209 4369 Concepta
1221 4299 1348 4369 primum
1358 4243 1528 4368 prodierunt
1545 4296 1664 4375 iugcus3
1695 4364 1700 4375 Ι

181 4359 331 4422 Funditur.
346 4368 440 4431 Alme,
457 4372 523 4435 tiiae,
539 4370 644 4435 Brune,
658 4371 701 4423 tot
712 4385 833 4423 munera
846 4369 951 4421 mentis
1027 4367 1131 4423 Tecum
1143 4368 1245 4422 eadem
1258 4367 1829 4438 surgautdecumariospignorainauctus

219 4433 335 4493 Honora
349 4441 419 4495 coele
434 4444 510 4508 sunt,
524 4441 637 4495 honora
650 4443 715 4493 sunt
728 4441 798 4494 solo.
1064 4439 1128 4493 llaec
1140 4438 1214 4493 latiis
1230 4439 1289 4494 imo
1306 4438 1391 4493 corde
1402 4440 1494 4492 versat
1504 4440 1618 4491 caetera.

182 4503 252 4560 Ecce
267 4512 364 4564 autem
379 4513 429 4565 tua
440 4528 504 4565 euin
521 4512 647 4566 Petrmus
659 4511 764 4583 scripta
784 4510 888 4578 revisit,
1029 4510 1101 4565 Cum
1117 4512 1157 4578 tu,
1174 4508 1252 4576 Diva,
1265 4509 1312 4580 pie
1324 4509 1387 4579 jam
1401 4507 1515 4578 pridem
1530 4511 1628 4578 pectus
1638 4522 1741 4561 amore

220 4576 341 4660 Obitque
354 4598 435 4636 sacra
448 4581 561 4636 sedulus
574 4582 730 4649 volumina,
1065 4580 1201 4652 Curisque
1216 4581 1326 4635 saueius
1341 4578 1454 4649 roganti
1469 4579 1545 4632 ultra
1560 4577 1674 4645 annuis,

181 4646 267 4729 Multa
279 4653 335 4705 situ
350 4653 558 4722 corrupitedar
573 4653 705 4707 veniente
721 4656 853 4720 vetustas,
1029 4652 1170 4721 Amplexu
1183 4652 1239 4706 voti
1254 4668 1334 4721 spem
1349 4651 1484 4720 vultuque
1501 4648 1594 4702 indice
1609 4649 1738 4728 prodens

217 4719 410 4778 Librariorum
425 4727 540 4778 incauta
554 4725 646 4778 multa
657 4725 783 4788 dextera,
1064 4722 1164 4777 ldentis
1179 4722 1312 4786 latebras,
1325 4721 1428 4776 frontis
1438 4723 1467 4773 et
1479 4722 1562 4774 notas
1577 4718 1649 4773 obis.

181 4788 264 4854 Quod
278 4798 406 4864 superest
415 4810 535 4864 operum
550 4796 630 4866 prelo
646 4795 732 4848 nimis
744 4797 979 4867 usqucncgalum
1030 4793 1101 4848 lnde
1115 4795 1191 4847 velut
1201 4792 1303 4864 pluviis
1314 4792 1410 4863 tepida
1425 4808 1490 4846 cum
1505 4793 1590 4844 nocte
1605 4789 1727 4861 rigatur,

217 4863 240 4915 Α
252 4865 379 4934 pluribus
394 4865 586 4920 desideratum
602 4866 748 4936 quaeritur.
1065 4864 1177 4918 Attollit
1190 4864 1267 4918 horti
1282 4864 1375 4918 latior
1389 4880 1418 4917 se
1432 4862 1565 4917 tlosculus
1579 4877 1586 4914 z

182 4929 226 4988 Nil
242 4937 279 5002 te,
294 4937 334 4990 nil
350 4953 419 5008 crgo
432 4939 492 4992 toto
509 4936 601 5008 magis
616 4937 716 4992 ordine
733 4937 864 5009 dignum,
1031 4935 1093 4990 Non
1110 4935 1192 4989 aliter
1206 4937 1256 4988 tua
1270 4934 1315 4988 cui
1332 4932 1459 4988 divinum
1479 4931 1571 5004 gratia
1591 4946 1688 4986 rerem

217 5005 261 5060 Nil
275 5007 389 5079 pulpitis
403 5008 478 5064 soret
492 5008 711 5077 saci·atiorihus;
1067 5005 1184 5073 alludit,
1200 5006 1378 5059 Horarumne
1392 5005 1483 5059 multa
1497 5002 1589 5058 millia

183 5072 275 5138 Quam
290 5078 312 5132 si
327 5095 399 5151 pura
414 5082 463 5134 tuo
474 5081 526 5134 sub
541 5079 660 5134 nomine
676 5097 773 5135 rursus
785 5083 890 5151 apertae
1030 5076 1366 5132 hbuuatisttatuumhoc
1374 5074 1488 5129 timeat?
1496 5072 1768 5145 pigrumEipetatl
1776 5089 1834 5129 uno

218 5147 328 5203 Morum
345 5153 373 5204 et
384 5151 492 5205 lluenta
527 5155 647 5204 roruant
659 5151 794 5205 scientim.
1065 5149 1102 5201 Te
1117 5150 1269 5219 promptus
1283 5147 1414 5217 adjutore
1429 5148 1458 5200 et
1472 5145 1558 5200 audet
1573 5143 1688 5214 auspice

184 5216 241 5272 lloc
257 5235 291 5273 cu
313 5221 343 5287 it,
360 5222 413 5276 hoc
427 5239 494 5275 man
517 5226 546 5276 at
558 5222 613 5276 dui
625 5222 848 5293 praesidiumque
863 5225 981 5276 tuorum
1031 5219 1224 5290 Aggreditur3
1239 5219 1330 5272 multa
1341 5218 1403 5289 jam
1413 5216 1525 5298 singula
1539 5215 1665 5285 pensitat
1680 5217 1744 5270 arte

220 5289 279 5343 llau
310 5291 438 5359 nominc,
452 5292 528 5347 haud
546 5294 639 5346 Bruno
663 5293 713 5347 tibi
733 5292 828 5363 impar
850 5309 980 5360 inuuere,
1067 5290 1215 5361 Limatque
1230 5292 1321 5344 multa
1331 5289 1451 5360 paginas
1464 5287 1613 5342 industria.

183 5358 231 5414 llte
249 5364 312 5416 tuus
327 5364 432 5429 Bruuo,
449 5380 505 5435 que
523 5380 580 5418 non
598 5363 684 5418 modo
697 5363 800 5418 clarior
813 5365 895 5431 alter,
1030 5362 1093 5416 Jaiii
1106 5361 1210 5427 felices,
1225 5361 1247 5414 si
1262 5377 1325 5433 qum
1338 5361 1411 5414 lortc
1431 5360 1582 5439 irrepsere,
1598 5359 1771 5429 sequestrat.

219 5431 463 5488 Admurmurante
474 5452 560 5506 quein
576 5435 646 5489 erdo
664 5452 730 5490 voce
748 5434 873 5506 suspicit,
1066 5433 1173 5503 Tuique
1185 5431 1258 5486 ruris
1273 5432 1423 5502 perbeatas
1436 5429 1538 5484 ordine

185 5497 241 5554 Seu
250 5502 298 5570 jus
310 5504 408 5575 fasque
419 5505 535 5585 placent
551 5523 557 5560 :
575 5506 658 5560 unius
672 5511 789 5580 pectore
800 5522 880 5562 sacra
1032 5502 1182 5559 Distribuit
1196 5503 1265 5557 seito
1276 5518 1390 5557 inesses.
1407 5501 1529 5556 Genialis
1543 5499 1579 5555 ab
1594 5514 1645 5554 ore

217 5571 328 5631 asnaa
341 5574 471 5647 defixisse
480 5576 561 5638 sedes
574 5577 709 5638 creditur.
1068 5573 1156 5647 Sages
1165 5577 1223 5631 tuae
1239 5573 1359 5630 refloret
1375 5571 1558 5647 eloquentie.
