3772 5976
110 304 179 362 tote
402 291 406 298 ’
581 285 759 358 arrosmo
778 294 813 356 ιιι
832 298 999 358 manuos.
1016 331 1050 343 -
1065 299 1162 358 esau.
1181 301 1290 365 cxxvii
1323 338 1329 377 ,
1696 315 1764 370 4050

108 424 271 496 aeruginem
285 438 338 496 pro
352 419 461 477 canillis
472 419 662 492 accipiamus:
679 438 730 494 per
756 420 915 492 aeruginem
927 419 955 478 A
967 422 1137 489 bulationem,
1154 422 1239 477 idest
1258 425 1350 479 multo
1367 424 1519 495 majorem,
1542 436 1567 482 et
1581 431 1768 490 imitationem

104 530 173 586 quae
187 515 311 568 latenter
327 508 793 582 serpenspaulatim‚comedeudo
807 510 915 565 tructus
963 508 1179 565 haucviudictrn
1187 528 1238 582 per
1252 513 1357 581 angelos
1368 513 1461 581 anaba,
1478 514 1507 569 id
1520 520 1564 570 est
1575 535 1628 589 per
1641 520 1768 577 officium

110 601 235 658 omniuo
252 600 405 665 consumit,
421 599 531 653 luxuria
563 598 743 670 intelligitur,
755 615 818 669 qua
834 597 915 669 quasi
965 598 1144 654 diabolorum
1159 602 1303 671 operatur.
1319 601 1441 672 Exponit
1455 606 1552 656 autem
1572 621 1624 675 per
1637 607 1768 663 similitu·

77 723 79 728 .
108 690 210 746 lurtim
226 688 401 753 subintrans,
416 690 445 742 et
457 686 595 758 paulatim
609 687 914 755 miserumcorpusoc·
965 686 1769 769 dinemordinemviudietae,cumadjungit:Perquorum

107 793 227 849 cupans,
243 777 266 833 si
281 777 358 849 quod
373 774 599 846 honumopusin
609 791 642 829 eo
654 773 698 840 sit,
717 773 786 828 illud
807 790 841 827 ex
855 775 915 827 toto
966 775 1136 845 angelorum
1148 776 1286 845 cilicium,
1296 777 1694 849 viuin,idestamplitudinem
1702 786 1770 854 secat

107 867 239 923 destruit.
266 864 334 920 Siue
360 864 489 918 castitate
504 863 595 928 enim,
610 878 696 916 nemo
707 863 765 917 Deo
782 861 914 933 placebit.
965 865 1063 916 semita
1079 865 1125 917 irae
1139 881 1203 930 sun,
1211 863 1240 918 id
1256 867 1299 919 est
1313 865 1444 936 parvitati
1460 866 1590 922 vindictae
1610 885 1678 925 suae.
1689 871 1771 934 Quod

107 955 170 1010 Sive
200 955 223 1009 si
245 954 404 1024 aeruginem
433 953 537 1007 brucos
560 951 700 1017 dieamus,
730 949 917 1021 intelligimus
966 951 1306 1023 estdicere:Cumprius
1325 952 1450 1008 vindicta
1469 955 1505 1008 ad
1525 956 1770 1014 modumsemitae

105 1043 211 1098 eodem
225 1043 313 1097 modo
327 1041 480 1108 luxuriam,
493 1039 614 1112 eoquod
628 1038 917 1094 brucuslructuseon-
965 1054 1055 1110 parva
1069 1041 1106 1094 sit
1126 1043 1156 1094 ει
1168 1040 1275 1107 stricta,
1289 1041 1349 1111 ipsa
1364 1058 1416 1112 per
1440 1044 1609 1113 angelorum
1625 1046 1771 1101 malorum

106 1134 211 1186 sumat.
230 1130 258 1184 Si
283 1131 455 1199 vero,juxta
469 1127 672 1199 augustinum,
687 1143 785 1197 aerugo
810 1142 916 1180 nocens
967 1126 1094 1181 officium
1135 1144 1275 1199 magnam
1315 1131 1345 1183 ct
1380 1130 1509 1199 amplam
1537 1147 1601 1186 eam
1630 1133 1707 1188 lacit.
1738 1135 1772 1187 nt

106 1220 215 1274 nebula
229 1221 258 1273 et
284 1219 395 1273 occulta
409 1217 530 1278 dicatur,
557 1233 620 1288 quse
646 1216 754 1270 tructus
779 1217 860 1270 occat
888 1217 917 1269 et
967 1217 1092 1271 ostendit
1107 1218 1255 1288 quomodo
1270 1218 1347 1290 prius
1369 1219 1471 1272 semita
1501 1220 1546 1287 sit,
1576 1237 1641 1275 cum
1667 1222 1769 1277 addit:

107 1307 245 1373 absumit,
259 1322 311 1376 per
326 1304 485 1375 aeruginem
499 1303 657 1376 superbain
669 1307 766 1358 mente
783 1301 916 1374 gloriatio
966 1304 1037 1358 Vere
1060 1306 1140 1375 prius
1152 1304 1255 1359 semila
1269 1309 1326 1373 est3
1344 1322 1413 1359 nam
1435 1306 1512 1376 prius
1526 1325 1579 1362 nun
1589 1309 1738 1379 percitam,
1754 1328 1770 1364 c

107 1395 144 1471 de
165 1394 297 1449 bonitale
312 1393 460 1463 accipitur,
474 1408 538 1463 quae
550 1392 667 1446 virtutes
678 1395 706 1446 et
719 1392 829 1446 honum
846 1407 917 1462 opus
967 1399 1050 1446 morte
1064 1393 1552 1460 animarumecritm,liberandoeos.
1562 1396 1770 1469 llieperlyplo·

107 1500 196 1540 omne
212 1482 343 1537 suffocat.
359 1481 398 1536 Et
409 1482 508 1535 latores
520 1498 610 1535 eorum
624 1480 698 1536 dedit
712 1481 826 1549 brusts,
838 1481 917 1536 idest
967 1485 1016 1536 ton
1027 1480 1197 1551 intelligitur
1217 1481 1294 1552 quod
1308 1481 1386 1551 prius
1401 1481 1536 1536 interficit
1549 1500 1598 1538 eos
1613 1484 1770 1541 interiusiu

106 1572 185 1628 bona
196 1586 285 1642 opera
293 1570 513 1643 quorundamin
532 1569 653 1640 AEgypto
670 1569 846 1623 infidelitatis
858 1568 916 1622 exi·
968 1569 1120 1624 animabus
1128 1570 1308 1625 excaecando.
1319 1554 1483 1639 Ostendit3
1494 1556 1502 1641 Ι
1512 1556 1544 1640 2
1559 1571 1773 1644 etiamquomc-

106 1661 244 1716 stantium
256 1677 263 1726 3
277 1658 624 1730 inquibuslaboraverunt
639 1656 823 1727 permittitad
841 1655 915 1709 uibi-
968 1659 1004 1713 do
1020 1657 1175 1711 vindictam
1192 1659 1320 1729 amplam
1341 1658 1428 1712 saciat
1440 1662 1471 1712 ut
1486 1660 1571 1726 viam,
1585 1676 1650 1714 eum
1665 1662 1744 1716 addit
1764 1680 1770 1716 :

106 1749 167 1804 lum
181 1748 343 1819 redigi‚per
365 1746 560 1801 temeritatem
585 1745 625 1801 eis
637 1746 837 1801 dominantem
853 1761 916 1815 quae
931 1744 1004 1827 BEt
1023 1745 1214 1816 postquamiu
1226 1745 1378 1801 animabus
1389 1747 1531 1801 interlecti
1541 1751 1617 1815 sunt,
1629 1750 1771 1818 concludit,

105 1853 158 1908 per
175 1838 296 1892 locustas
310 1835 490 1905 intelligitur,
504 1834 624 1905 eoquod
642 1837 750 1888 temere
766 1833 914 1899 incedunt,
967 1834 996 1888 id
1012 1836 1054 1887 est
1068 1832 1131 1887 linit
1146 1835 1174 1886 in
1186 1840 1272 1888 morte
1288 1834 1427 1905 corporali
1435 1835 1559 1905 jumento
1569 1836 1773 1904 eorum,idest

107 1941 168 1979 non
183 1925 321 1980 babentes
329 1924 431 1979 ducem
443 1925 474 1976 ut
490 1938 611 1976 examen
623 1938 719 1992 apum.
730 1922 764 1975 Et
778 1921 916 1993 percussit
966 1922 1042 1994 ipsos
1056 1922 1204 1993 AEgyptios
1222 1923 1357 1992 jumenta
1382 1922 1534 1978 existentes
1562 1923 1773 1980 irrationabiles

105 2014 135 2066 in
147 2013 277 2083 ordndine
298 2014 388 2066 uineas
410 2028 512 2077 aurunt,
539 2010 717 2065 intransitive
737 2009 914 2067 dictumest.
966 2011 1118 2066 scilicetul
1138 2011 1282 2081 jumenta.
1311 2009 1357 2064 Vel
1374 2009 1505 2066 sic:lJico
1535 2012 1773 2082 quoducnmserit

103 2098 648 2173 Acsiponat:0uosdaminAEgypto
673 2100 834 2165 manentes,
860 2099 909 2170 qui
965 2102 1248 2167 semitaeiraesumt
1270 2100 1324 2155 hoc
1355 2100 1443 2155 modo
1472 2100 1590 2173 quidem
1615 2102 1772 2158 lacitiram

106 2189 200 2244 vineae
216 2206 276 2244 essc
301 2189 451 2256 deberent,
461 2188 599 2242 tructiteri
615 2187 719 2243 scilieet
734 2187 763 2241 in
779 2187 914 2258 operibus
966 2190 1094 2259 amplam
1111 2191 1141 2242 ut
1165 2189 1252 2255 viam,
1268 2205 1332 2259 quae
1348 2188 1425 2260 prius
1436 2190 1534 2244 stricta
1547 2192 1589 2244 est
1614 2193 1645 2243 ιιι
1659 2189 1771 2245 semita.

105 2278 201 2345 bonis,
212 2278 284 2332 sicut
298 2277 401 2344 vineae,
415 2276 445 2330 in
456 2276 516 2331 uvis
525 2275 667 2347 permittit
675 2275 814 2346 perculta
830 2292 916 2347 gran·
965 2277 1036 2332 Nam
1049 2294 1107 2332 non
1120 2277 1211 2347 parcit
1222 2276 1272 2343 eis,
1290 2279 1444 2331 utamorte
1452 2277 1617 2332 animarum
1632 2295 1682 2332 eos
1697 2278 1771 2332 libe-

105 2365 184 2433 dine,
202 2367 231 2420 et
259 2382 360 2420 eorum
375 2364 483 2419 tructus
502 2364 622 2427 destrui,
632 2363 793 2418 videliceta
812 2365 911 2436 despe-
965 2368 1019 2432 ret,
1035 2364 1085 2419 sed
1100 2364 1235 2420 interficit
1249 2381 1297 2420 eos
1310 2364 1339 2418 in
1355 2364 1648 2433 intumescendo,
1665 2370 1694 2420 ει
1706 2366 1771 2421 fluit

105 2455 218 2510 ratione
232 2458 408 2510 aetcrnorum
423 2453 576 2520 bonorum,
593 2468 656 2523 quae
669 2469 720 2524 per
734 2452 909 2522 grandinem
965 2455 994 2507 in
1008 2461 1100 2520 morte,
1125 2453 1154 2508 id
1179 2457 1221 2508 est
1234 2454 1370 2508 interficit
1388 2455 1511 2525 jumenta
1534 2473 1637 2524 eorum,
1663 2456 1771 2511 seilicet

106 2543 311 2598 convenienter
335 2541 482 2614 accipitur.
497 2540 610 2596 Grande
632 2540 771 2595 nimirum
788 2544 831 2595 est
841 2557 915 2612 aqua
965 2541 1217 2597 mansuetudinem
1235 2546 1264 2597 ει
1284 2546 1402 2597 caeteras
1414 2543 1543 2611 virtutes,
1564 2544 1586 2598 si
1603 2561 1666 2616 quae
1683 2545 1714 2600 in
1731 2545 1772 2600 eis

108 2646 173 2703 quea
187 2630 217 2685 in
232 2631 355 2686 nubibus
371 2630 432 2685 eoeli
446 2630 624 2701 congelatur.
642 2629 722 2683 Unde
733 2645 801 2684 sane
813 2630 913 2700 despe-
965 2632 1041 2698 sunt,
1051 2631 1403 2701 persuperabundautiam
1417 2632 1550 2688 vitiorum
1561 2650 1640 2705 :quae
1654 2634 1773 2690 virtutes

106 2719 182 2774 ratio
193 2719 426 2791 diciturgrando.
439 2718 513 2772 Nihil
524 2718 603 2774 enim
616 2719 692 2773 aliud
703 2721 746 2773 est
753 2719 914 2790 desperatio
965 2719 1154 2790 perjumenla
1166 2719 1363 2792 designantur,
1374 2737 1408 2775 eo
1417 2721 1495 2793 quod
1504 2725 1656 2776 mansueta
1666 2722 1776 2778 auima-

108 2806 897 2880 quambouorumcoelestiumspeicongelatio.0uiver
966 2807 1094 2873 liasunt,
1122 2811 1151 2861 ει
1179 2824 1242 2878 quae
1270 2809 1461 2862 sustentacula
1487 2808 1776 2877 sunthominum,ut
1853 2832 1856 2836 ⁴

109 2895 253 2967 desperat,
265 2895 406 2950 inutiliter
414 2895 600 2967 aliquidboui
617 2898 762 2967 operatur.
779 2894 818 2948 Et
832 2911 918 2949 moros
964 2895 1108 2967 jumenta.
1119 2896 1152 2950 Et
1160 2912 1218 2950 non
1227 2895 1410 2951 solummodo
1418 2896 1711 2967 ignobilesintcrlleit‚
1725 2898 1775 2953 sed

107 3001 198 3039 eorum
214 2983 356 3055 permittit
371 2984 481 3055 percuti
502 2985 646 3054 inpruina,
664 2983 693 3037 id
708 2986 750 3038 εει
777 2982 918 3054 quosdam
968 2986 998 3038 ει
1001 2986 1119 3054 percutit
1129 2987 1224 3038 morte
1237 2987 1558 3054 oirineprimopcnitumin
1565 2986 1773 3057 turuAEpypti,

108 3072 157 3145 qui
177 3071 315 3127 tructileri
329 3088 389 3127 esse
405 3072 544 3126 deberent
556 3071 585 3127 in
608 3071 690 3127 bonis
724 3072 867 3142 operibus,
882 3070 919 3125 ad
936 3041 1047 3126 Cidest
1058 3088 1160 3127 omnes
1179 3072 1242 3126 illos
1252 3071 1300 3141 qui
1319 3076 1386 3127 sunt
1404 3072 1730 3146 dignioresctprreeipui
1744 3074 1775 3128 iu
1802 3100 1804 3106 ·

109 3159 328 3215 similitudinem
337 3176 485 3215 mororum
497 3158 919 3232 quaclructilcraesuntpermit
969 3162 1085 3214 terrena
1099 3159 1232 3230 AEgypto.
1248 3158 1539 3232 Primogeuitumpro
1550 3160 1673 3231 digniori
1682 3161 1775 3233 ponit,

110 3248 210 3316 tituri,
225 3252 366 3304 eteorum
379 3249 457 3304 hona
472 3265 561 3321 opera
587 3248 730 3316 consumi,
750 3247 772 3302 si
781 3264 838 3319 qua
853 3249 920 3302 sunt
969 3264 1003 3303 eo
1020 3248 1097 3320 quod
1110 3247 1306 3319 primogenita
1321 3263 1382 3301 esse
1398 3250 1511 3303 sulcant
1524 3248 1667 3319 digniora.

110 3336 148 3391 ab
165 3336 232 3392 odio
252 3341 353 3392 eontra
366 3338 542 3409 proximum,
555 3338 637 3408 quod
651 3337 746 3392 aulert
773 3336 919 3392 eharitatis
1005 3335 1775 3409 Etauleaquamdignioresmortecorporispercutiat,

110 3425 447 3497 ardorem,sicutpruiua
456 3443 542 3480 mane
551 3425 921 3498 quamvulgofrimomdici·
968 3424 1194 3496 nealiquidboni
1205 3424 1279 3478 sitin
1290 3424 1341 3493 eis,
1351 3426 1429 3496 quod
1442 3426 1540 3480 salutis
1555 3443 1614 3481 esse
1623 3443 1777 3501 eausapos·

108 3530 184 3579 mus,
210 3513 304 3567 aufert
327 3513 394 3568 solis
408 3515 561 3569 lervorem.
588 3515 712 3586 Ideoque
728 3514 826 3568 odium
841 3517 918 3568 recte
969 3513 1014 3579 sit,
1027 3513 1147 3567 destruit
1155 3515 1292 3583 primitius
1303 3516 1387 3567 omnis
1398 3514 1494 3569 tutoris
1505 3532 1605 3582 eorum,
1619 3514 1700 3570 idest
1710 3531 1776 3588 per·

108 3601 215 3675 pruina
229 3601 342 3656 dicitur.
360 3602 440 3657 Unde
450 3604 575 3658 loannes
590 3603 676 3657 dicit:
689 3624 703 3652 «
720 3601 841 3665 Quiodit
859 3602 918 3656 lra·
968 3601 1059 3657 mittit
1073 3601 1227 3656 annihilari
1242 3619 1294 3674 per
1308 3602 1605 3674 superabundantiam
1620 3606 1776 3667 malorum,

109 3694 186 3744 trem
201 3691 512 3754 suum,bomieidaest.
524 3692 667 3746 Etscimus
678 3689 918 3762 quoniamomnis
969 3688 1439 3762 omniaproeeipuaetbonaopera
1457 3690 1487 3744 in
1505 3691 1607 3762 quibus
1627 3692 1776 3746 laborave-

106 3777 417 3834 bomicidauonhabet
432 3780 558 3835 vitamin
568 3797 597 3835 se
613 3783 783 3835 manentem
797 3777 822 3852 (l
832 3779 915 3833 doun.
968 3780 1046 3843 runt,
1061 3794 1088 3831 tn
1098 3777 1278 3830 tabernacutis
1294 3775 1391 3844 Clam,
1404 3777 1483 3832 idest
1497 3777 1527 3832 in
1536 3778 1737 3849 primogenitis
1749 3781 1778 3832 in

109 3883 150 3934 m,
166 3866 222 3936 25.)
236 3888 250 3915 n
968 3872 1041 3920 terro
1055 3864 1180 3935 AEpypti
1207 3866 1339 3935 quisunt
1365 3864 1550 3920 tabernacula
1574 3865 1675 3931 Cham,
1692 3866 1721 3920 id
1733 3871 1778 3921 εει

145 3954 183 4008 Et
198 3954 310 4009 tradidit
322 3955 446 4025 jericonta
460 3973 550 4011 corum
564 3955 740 4028 grandini,id
752 3957 796 4010 est
806 3955 916 4010 destru-
967 3952 1131 4009 habitacula
1139 3952 1233 4007 callidi
1240 3951 1507 4025 hostisdiaboli,qui
1515 3953 1678 4023 emphatice
1686 3953 1777 4008 Cham

109 4043 209 4110 ctioni,
225 4059 290 4114 quae
301 4059 352 4114 per
367 4045 540 4114 grandinem
553 4042 919 4116 accipitur,coquudgran·
968 4042 1083 4111 dicitur,
1095 4042 1124 4096 id
1136 4044 1178 4096 est
1193 4041 1344 4096 calliditas.
1365 4043 1405 4098 dt
1420 4041 1456 4096 ab
1472 4042 1607 4096 omnibus
1628 4041 1673 4096 his
1687 4041 1779 4097 vindi·

110 4132 147 4187 do
162 4148 267 4187 messes
293 4135 322 4187 et
336 4133 445 4188 fructus
459 4133 620 4205 quassando
626 4132 756 4188 destruit.
770 4132 804 4185 at
814 4132 919 4187 hocest
968 4131 1030 4197 ctis,
1044 4131 1133 4200 aufert
1147 4128 1222 4185 Deua
1231 4129 1361 4200 poputum
1385 4146 1472 4183 suum
1492 4130 1542 4201 qui
1557 4129 1676 4201 reliquit
1688 4130 1776 4201 AEgy·

109 4215 289 4274 intransitive
308 4221 514 4289 positum,acsi
525 4220 803 4285 diceret:Quosdam
815 4220 850 4275 de
874 4219 918 4273 bis
968 4221 1062 4290 ptum,
1077 4221 1212 4274 stridores
1224 4235 1299 4284 suas,
1313 4217 1344 4272 id
1367 4220 1411 4271 est
1429 4221 1528 4288 utpote
1543 4217 1607 4273 illos
1622 4217 1658 4272 de
1673 4218 1777 4290 quibus

110 4307 201 4380 quiin
224 4308 347 4379 AEgypto
360 4312 437 4378 sunt,
453 4326 486 4363 ex
500 4311 561 4365 toto
579 4308 709 4374 destruit,
733 4308 783 4379 qui
799 4307 912 4362 irratio·
928 4288 1054 4362 Duabet
1065 4323 1164 4361 curam
1174 4307 1247 4362 sicut
1260 4309 1359 4377 pastor
1376 4305 1413 4360 de
1426 4305 1526 4360 ovibus
1540 4307 1574 4359 at
1588 4305 1730 4377 quosdam
1738 4306 1774 4362 da

110 4395 283 4454 nabiliterse
296 4396 415 4461 babent,
424 4395 914 4467 etnimisvoluptuoseutjumenta.
965 4397 1144 4466 populusne,
1158 4395 1278 4467 quilicet
1289 4394 1397 4466 egressi
1404 4393 1440 4448 de
1449 4395 1572 4465 AEgypto
1585 4393 1776 4458 infidelitatis,
1853 4459 1856 4465 γ

107 4482 342 4557 Etpossessionem
356 4486 551 4556 quorundam,
566 4502 667 4548 eorum,
695 4484 801 4539 scilicet
826 4499 917 4555 opera
965 4483 1097 4539 nondum
1108 4480 1780 4555 tumeuperveneruutadmarellubrum,idest
1801 4486 1805 4492 ’

109 4572 474 4651 bonaquaipsipossident,
488 4574 570 4628 trudit
580 4574 638 4643 igni
646 4572 682 4627 ad
692 4572 913 4638 destruendum,
965 4572 1002 4626 ad
1017 4571 1139 4643 gratiam
1164 4570 1310 4641 baptismi,
1336 4570 1387 4624 sed
1406 4569 1500 4624 adhuc
1523 4573 1591 4625 suut
1612 4570 1643 4624 iu
1658 4569 1773 4625 deserto

109 4659 140 4716 id
148 4667 191 4719 est
199 4663 499 4737 permittitauuihilari
507 4661 687 4735 pernimium
698 4661 748 4715 irae
758 4659 915 4729 servorem,
965 4657 1045 4729 quod
1053 4660 1096 4713 est
1105 4658 1180 4711 iuter
1194 4658 1349 4729 AEgyptum
1376 4659 1501 4712 almare
1528 4658 1672 4725 Rubrum,
1686 4657 1716 4711 id
1732 4660 1776 4712 est

108 4767 175 4822 quae
189 4755 230 4809 eis
245 4756 356 4810 assidue
368 4752 544 4809 dominatur.
563 4750 631 4806 Dico
654 4750 732 4822 quod
744 4750 779 4804 de
796 4749 918 4821 quibus·
966 4745 1498 4812 cumtantummodo,utcatechumeni
1508 4744 1778 4801 notitiambabeant

109 4839 178 4894 dam
193 4842 268 4899 bane
280 4844 436 4899 vindictam
448 4840 561 4913 accipit,
572 4838 651 4893 uteis
668 4837 711 4893 ira
740 4837 917 4902 dominetur,
968 4835 1085 4901 fidei,et
1100 4833 1193 4888 adhuc
1207 4833 1264 4888 siut
1277 4833 1308 4888 in
1320 4834 1468 4889 sterilitate
1481 4834 1625 4890 bonorum
1645 4849 1777 4905 operum,

109 4930 140 4982 et
154 4928 184 4983 in
199 4932 339 5001 quosdam
355 4930 461 4986 emittit
484 4927 654 4999 eruginem,
675 4930 704 4982 et
725 4928 845 4981 caeteros
857 4923 919 4979 aliis
969 4938 1093 4994 quorum
1104 4923 1200 4976 nullus
1212 4923 1307 4993 potest
1317 4923 1424 4994 aliquid
1441 4920 1496 4976 nisi
1514 4925 1578 4993 post
1601 4921 1778 4991 baptismum

109 5017 214 5086 modis,
241 5021 273 5073 ut
298 5018 485 5085 ostendimus,
502 5015 593 5088 punit.
610 5016 644 5069 Et
662 5017 694 5068 ut
722 5012 921 5069 universaliter
970 5008 1097 5080 adipisci,
1113 5009 1191 5064 ducit
1209 5026 1261 5081 per
1275 5010 1419 5064 desertum
1436 5009 1473 5062 ad
1493 5024 1574 5062 mare
1591 5008 1730 5075 Rubrum,
1742 5023 1779 5062 ue

109 5103 205 5160 dicam
217 5123 224 5174 ;
236 5107 433 5162 lueosomues
451 5104 499 5176 qui
519 5105 673 5174 AEgyptum
688 5101 851 5174 relinquere
867 5116 918 5154 no·
970 5099 1092 5153 redeant
1106 5098 1143 5153 ad
1155 5099 1312 5170 Egyptum,
1326 5104 1454 5168 tunquam
1464 5113 1571 5166 gregem
1583 5113 1677 5165 suum,
1692 5096 1721 5152 id
1736 5096 1779 5151 est

108 5191 184 5262 lunt,
208 5197 290 5249 inittit
305 5197 379 5250 Deus
394 5197 472 5248 irum.
498 5193 582 5246 idest
605 5206 743 5261 maguam
762 5189 920 5244 vindictam
970 5190 1070 5258 utpote
1083 5186 1146 5241 illos
1159 5186 1277 5258 quijam
1294 5201 1363 5255 grex
1374 5185 1435 5255 ejus
1444 5185 1591 5254 persidem
1601 5185 1733 5240 existunt.
1746 5185 1780 5240 El

110 5280 303 5351 indignationis
314 5299 380 5351 sua,
391 5298 485 5353 parvoe
494 5279 626 5334 vindictae
637 5277 918 5332 sunsubsecutivam.
972 5275 1089 5330 adducit
1101 5292 1150 5330 eos
1161 5274 1196 5328 dc
1210 5273 1323 5327 deserto
1340 5272 1538 5328 sterilitatisad
1545 5273 1731 5345 baptismum,
1747 5274 1779 5328 in

107 5368 169 5425 Hoc
180 5375 319 5426 autemue
329 5371 459 5426 videatur
472 5367 651 5424 intransitive
672 5366 791 5434 dictum,
803 5365 922 5438 exponit
971 5381 1015 5435 spe
1024 5362 1186 5418 salvationis
1191 5361 1308 5431 positos.
1319 5362 1353 5416 Et
1366 5366 1467 5433 postea
1476 5378 1535 5416 nou
1544 5362 1780 5417 timentPharao·

108 5473 177 5514 cum
187 5458 279 5526 addit,
290 5457 396 5514 scilicet
410 5458 617 5528 indipnctionem
635 5456 718 5509 mittit
726 5454 754 5507 in
768 5470 819 5521 cos,
836 5453 866 5508 id
880 5456 924 5507 est
974 5469 1054 5520 nem,
1066 5452 1096 5506 id
1103 5454 1145 5506 est
1151 5450 1309 5516 diabolum,
1324 5451 1354 5503 et
1364 5447 1614 5518 inimicoseorum,
1625 5448 1656 5504 id
1665 5452 1780 5520 estpec·

112 5561 235 5622 parsum
247 5546 415 5617 vindictam,
429 5552 454 5602 et
468 5548 548 5617 i'ram,
561 5544 593 5600 id
612 5546 655 5599 est
669 5541 824 5613 majorem,
836 5547 861 5596 et
874 5543 923 5597 tri·
975 5536 1779 5612 catumoriginale,etactualiaqueeegeruutpperitmare.
