3772 5970
186 321 251 384 teu
487 318 517 383 S.
528 317 700 382 taunasis
721 315 1035 381 cauruusuutonuu
1052 313 1288 382 utsruurotus
1307 321 1385 381 OPP.
1403 320 1503 381 PARS.
1524 316 1536 380 i
1785 316 1846 379 tau

107 504 112 515 ¹
188 446 360 501 visitationis
371 445 447 512 (ΙΝ.
458 463 514 511 ns,
531 445 588 512 aa,
609 463 665 500 non
680 442 1104 515 turnerrqirodeiscon·1itlnis
1120 449 1221 516 etqua
1237 461 1373 500 mensura
1388 444 1486 498 lutura
1501 443 1536 498 sit
1551 442 1581 497 in
1598 440 1773 496 irritatione
1786 441 1848 495 tide

189 536 291 591 formis
305 536 466 603 exstitisset,
483 535 532 589 sed
550 535 614 589 ideo
630 536 668 588 sic
681 535 750 604 agit,
763 535 902 605 quiarurn
914 534 987 604 ejus·
1038 533 1108 587 tium
1124 532 1340 603 persecutionis.
1357 531 1600 603 Quandoquidem
1617 530 1649 585 in
1664 528 1774 602 granis
1796 546 1848 584 non

191 624 391 695 demorigiuis
406 628 490 691 esset,
506 627 534 677 et
550 623 671 676 nimium
688 623 712 675 ei
728 623 929 694 compatiatur,
943 639 988 677 cr·
1038 625 1137 678 cesset.
1147 623 1214 677 Post
1223 618 1848 693 admirationemfacitquoquequaestiuncm

189 731 285 768 rorem
301 730 492 767 corumsnuni
504 714 680 783 rcputatnou
693 710 988 781 secundumcjusdem
1039 709 1077 764 sic
1101 727 1107 764 z
1125 710 1202 776 Dico,
1227 727 1359 782 usquequo
1374 709 1567 781 improperabit
1589 712 1620 763 et
1640 708 1802 763 irritabit?
1822 708 1849 762 u

190 803 295 857 erroris
307 801 574 865 halsitudinem,s0d
583 800 987 871 secundumcompassionem.
1039 798 1273 870 quidquidiacias
1285 801 1320 854 de
1332 799 1504 863 infidelibus,
1514 798 1645 870 quijuste
1654 797 1847 868 repelluntur,

191 890 251 946 uixi
267 908 274 945 ε
292 896 321 943 ut
338 891 403 962 quid
416 889 543 959 repulisti.
560 890 593 942 Et
617 888 728 942 ostendi
744 888 891 960 quomodo
908 887 989 941 tuere
1038 887 1141 959 utquid
1151 888 1263 954 saltem,
1278 890 1373 942 avertis
1386 890 1414 940 ia
1426 887 1516 956 fircera,
1529 886 1558 942 id
1573 889 1618 941 est
1637 903 1703 959 qua
1719 885 1757 940 de
1771 903 1849 941 cama

190 980 304 1049 repulsi.
315 978 396 1043 Quod
415 978 520 1032 merito
529 978 649 1049 currtigit
665 995 731 1030 uam
750 995 802 1031 nus
814 979 887 1046 sipon
901 982 989 1030 nostra
1039 993 1071 1029 ex
1083 978 1143 1030 tutu
1159 976 1261 1031 videris
1272 980 1402 1030 avertere
1414 976 1446 1030 tle
1461 976 1546 1030 taedio
1559 978 1622 1029 siau
1635 982 1699 1041 tuo,
1719 974 1750 1028 id
1763 979 1804 1029 est
1817 974 1848 1030 de

191 1085 253 1131 raon,
266 1067 293 1120 id
303 1071 344 1120 est
354 1084 461 1132 nonne,
473 1066 613 1120 rirliinus?
627 1065 698 1120 Vere
712 1065 843 1119 vidimus.
857 1069 895 1118 ,tc
910 1065 931 1118 si
950 1063 990 1118 di·
1039 1063 1209 1118 omnimoda
1219 1063 1397 1136 protectione
1410 1066 1468 1130 tua,
1487 1081 1600 1117 inanum
1614 1071 1708 1118 mum.
1721 1061 1847 1129 Etidcst

189 1159 234 1209 cat
247 1176 252 1210 :
266 1156 330 1209 tdeu
339 1155 403 1226 jure
412 1154 541 1225 contigit,
554 1153 621 1225 qnia
630 1157 742 1223 [ennius
752 1152 988 1207 visitationisnon
1038 1151 1144 1206 seilicet
1157 1152 1292 1206 dexterata
1304 1160 1390 1209 ,tirum
1417 1151 1499 1216 Quod
1516 1155 1559 1206 est
1579 1151 1682 1206 dicere
1701 1168 1709 1206 :
1727 1152 1765 1206 ut
1785 1150 1845 1223 quid

187 1243 374 1314 cognovimus
386 1248 525 1315 quantum
536 1244 690 1313 adp-arteni
700 1244 798 1308 nostri,
808 1243 895 1307 idest,
907 1241 988 1295 multi
1037 1239 1232 1310 porrrritteudo
1244 1240 1334 1313 afiligi
1343 1257 1465 1295 manum
1478 1240 1739 1308 dsxteramtuam,
1749 1240 1845 1294 scilicet

188 1349 220 1386 ex
235 1332 317 1386 nobis
328 1348 500 1403 cognoscere
517 1333 681 1386 uoluerunt.
699 1332 768 1385 Cum
793 1335 890 1384 temen
906 1330 989 1401 signa
1037 1328 1136 1384 fideles
1147 1328 1844 1402 perquosdiabolumexpugnas‚videriseosaver-

188 1420 344 1473 viderimus
357 1437 374 1473 a
388 1419 492 1472 sanctis
509 1419 574 1472 viris
589 1418 735 1489 praedicta.
758 1419 807 1472 Vel
825 1418 863 1471 sie
884 1418 989 1488 legitur
1039 1421 1099 1472 tere
1114 1418 1234 1474 omnino
1245 1418 1279 1472 de
1291 1417 1470 1490 protectione
1481 1417 1841 1474 tuaomnimoda.Etbeue

188 1525 246 1562 non
264 1507 479 1578 interrogative,
491 1508 555 1578 jure
571 1506 778 1578 cuvrtigit.Nuur
794 1525 845 1559 non
860 1507 987 1573 crilernus,
1037 1507 1128 1578 ponit,
1145 1524 1204 1562 non
1220 1507 1255 1561 de
1267 1507 1341 1574 sinu,
1358 1507 1407 1562 scd
1421 1507 1453 1560 ‹le
1465 1506 1630 1562 mediotinu.
1643 1508 1687 1560 Ac
1698 1507 1722 1561 si
1730 1506 1840 1561 diceret:

187 1595 272 1650 idest
287 1595 404 1667 quidam
420 1613 451 1649 ex
469 1595 551 1650 notis
565 1613 621 1649 non
632 1598 839 1666 cognoverunt,
855 1597 929 1664 siquo
941 1613 987 1648 no·
1037 1595 1100 1649 Nou
1116 1595 1179 1650 dicu
1195 1596 1310 1667 quidem
1321 1595 1399 1667 quod
1416 1611 1473 1650 non
1490 1598 1625 1668 protegas
1637 1593 1744 1666 atiquo
1754 1593 1840 1654 mode,

186 1691 250 1750 stra,
265 1702 281 1737 a
296 1683 443 1755 prophetis
453 1683 598 1754 predicta.
611 1683 679 1747 Qua
690 1683 786 1754 utique
800 1683 821 1735 si
833 1683 930 1737 videre
940 1699 987 1736 vu·
1037 1699 1103 1737 cum
1117 1699 1165 1738 eus
1176 1687 1340 1739 constantes
1353 1683 1441 1738 iacias
1456 1701 1463 1739 :
1478 1683 1598 1738 sednon
1611 1682 1741 1738 omnino
1756 1685 1841 1754 prete·

185 1771 314 1835 luissent,
327 1774 355 1824 et
369 1774 483 1841 tempus
498 1770 665 1825 visitationis
679 1771 890 1841 cognovissent,
907 1774 935 1824 et
950 1773 988 1825 sic
999 1748 1025 1810 Β
1037 1771 1090 1844 gis,
1106 1771 1245 1842 quoniam
1262 1788 1311 1826 eos
1324 1771 1414 1841 affligi
1431 1771 1583 1844 permittis.
1601 1771 1759 1844 Quseergo
1769 1786 1843 1825 causa

185 1860 285 1931 rcpctli
300 1876 357 1913 uim
378 1859 616 1931 promeruissent,
632 1863 660 1914 et
676 1877 740 1913 ecce
751 1860 897 1931 quoddam
913 1878 945 1914 es
955 1860 989 1914 si·
1038 1860 1172 1931 estquod
1191 1876 1240 1915 eos
1255 1859 1368 1916 avertis.
1385 1861 1418 1913 Et
1434 1863 1477 1914 est
1491 1860 1545 1914 huc
1553 1860 1686 1932 positum
1697 1860 1776 1931 quod
1784 1859 1843 1912 dicit

185 1948 259 2019 gnis,
273 1948 378 2002 scilicet
395 1947 473 2019 qnod
483 1948 544 2017 jam
559 1965 610 2001 uua
625 1954 661 2001 est
674 1948 806 2019 propterte
826 1948 918 2015 nobis,
939 1948 987 2019 qui
1038 1966 1158 2003 manum
1175 1947 1262 2002 averti
1281 1948 1316 2002 de
1332 1947 1406 2015 sinu,
1423 1964 1440 2001 a
1458 1947 1649 2003 similitudine
1667 1947 1797 2004 historice
1814 1947 1844 2001 de

185 2036 220 2090 de
233 2036 329 2090 Messio
345 2035 531 2107 prophetizet,
549 2035 624 2107 quud
642 2037 812 2107 pradictum
830 2036 908 2091 suita
924 2052 988 2106 pro·
1037 2037 1140 2107 Moyse.
1159 2036 1243 2108 Cujus
1258 2053 1361 2090 manus
1376 2036 1411 2090 de
1429 2036 1493 2091 sinu
1515 2039 1646 2091 extracta
1667 2037 1786 2109 leprosa
1800 2051 1844 2107 ap·

185 2124 288 2194 plretis.
302 2123 447 2187 Quatenus
462 2127 526 2194 post
540 2125 601 2194 ejus
621 2125 776 2178 adveutum
792 2126 886 2178 essent
901 2140 989 2178 cessa·
1038 2124 1133 2196 paruit
1148 2123 1245 2188 [Eroti.
1262 2141 1299 2190 iv,
1317 2124 1354 2194 u),
1371 2123 1452 2196 quasi
1464 2123 1572 2178 diceret
1584 2141 1591 2178 ε
1604 2124 1789 2196 Repeltendo
1803 2140 1845 2178 eos

185 2213 253 2279 turi,
263 2213 311 2284 qui
324 2230 439 2283 semper
449 2230 536 2284 usque
546 2213 582 2267 ad
592 2214 652 2284 ejus
662 2214 816 2267 adventum
828 2230 989 2283 persevera·
1039 2211 1196 2266 seeundum
1212 2228 1315 2282 corpus
1331 2228 1347 2266 a
1359 2211 1538 2283 protectione
1551 2215 1610 2278 tua,
1619 2229 1689 2284 quae
1704 2212 1844 2284 figuraba-

186 2306 264 2356 ront.
278 2303 358 2356 Unde
374 2302 489 2373 legitur,
504 2322 519 2354 a
533 2319 598 2356 cum
615 2302 725 2355 venerit
740 2302 860 2356 Sanctus
875 2305 988 2356 sunctu-
1038 2304 1086 2355 tur
1097 2317 1148 2372 per
1160 2300 1255 2354 sinum
1271 2300 1368 2371 Moysi,
1383 2300 1452 2355 sacis
1468 2317 1516 2356 eos
1526 2299 1615 2355 videri
1626 2300 1711 2369 vites,
1728 2301 1845 2373 qualiter

187 2390 394 2459 rum,cessulrit
414 2390 508 2444 irirctiu
528 2393 620 2445 vestra
650 2389 731 2461 (Dua.
759 2408 795 2455 ix,
817 2392 871 2460 it).
897 2390 989 2445 »Nou
1039 2388 1152 2459 leprosa
1167 2405 1269 2442 manus
1282 2388 1384 2443 attacta
1398 2388 1459 2441 vilis
1474 2388 1843 2462 apparuit‚perquamma·

188 2477 266 2532 enim
282 2478 401 2532 ulterius
417 2478 577 2533 necessaria
590 2478 644 2532 tuit
656 2478 818 2549 prophetia,
838 2478 886 2532 ubi
902 2477 991 2532 couti·
1041 2494 1110 2531 num
1126 2476 1176 2549 ipsi
1192 2475 1444 2531 denotabanturin
1455 2476 1587 2548 passione
1597 2477 1671 2533 vites
1680 2478 1842 2550 apparituri.

188 2565 231 2636 git
245 2565 306 2636 ipsa
320 2567 361 2620 rci
376 2566 563 2637 experientia.
581 2567 615 2621 Et
630 2582 694 2620 eum
706 2566 770 2635 jam
786 2583 845 2620 non
859 2566 895 2620 sit
909 2565 990 2620 nohis
1077 2564 1336 2636 Factaquaestione‚
1346 2564 1500 2618 acceditad
1508 2565 1701 2633 solutionem,
1711 2566 1754 2622 sic
1764 2584 1770 2620 :
1781 2565 1842 2631 uixi,

187 2657 339 2726 propheta,
352 2659 472 2727 apparet
485 2655 563 2727 «quud
585 2672 632 2707 nus
651 2673 704 2707 nors
727 2660 860 2723 cupreoseel
880 2655 992 2725 arrrplr'us
1041 2652 1227 2719 conditores,
1244 2653 1434 2723 questionem
1446 2652 1588 2709 iaciendo.
1613 2652 1654 2709 Ut
1666 2655 1736 2727 quiri
1746 2657 1842 2719 ocum,

186 2743 309 2804 Messias,
324 2744 352 2797 id
365 2747 406 2797 ost
419 2744 560 2814 qtiosdaur
570 2761 603 2797 ox
617 2744 850 2815 nohisjrcpulses,
865 2743 991 2815 quicum
1042 2743 1096 2795 etc.
1114 2742 1148 2794 Et
1159 2741 1212 2795 hoc
1235 2741 1311 2812 quud
1330 2740 1446 2812 quaesivi
1463 2740 1570 2796 scilicet
1587 2758 1680 2813 quare
1697 2760 1767 2800 suos
1781 2745 1844 2799 Deus

187 2835 341 2886 venturum
357 2831 465 2898 dicunt,
482 2849 540 2887 nun
556 2831 596 2886 ita
611 2831 736 2886 visitabit
761 2835 791 2885 ut
810 2833 845 2885 ad
865 2848 914 2885 eas
929 2848 991 2886 cor·
1042 2829 1130 2899 afiligi
1139 2832 1288 2900 permittat
1296 2828 1417 2896 videtur,
1428 2829 1547 2884 forsitan
1556 2827 1616 2884 iteri
1627 2829 1750 2903 injuste,
1758 2832 1843 2886 etsiue

189 2919 467 2993 por·utitervcuiens‚
495 2920 529 2974 de
548 2920 712 2992 captivitate
735 2920 863 2991 ipsorum
881 2936 930 2974 cos
948 2936 993 2973 ex·
1043 2919 1170 2990 qualibet
1185 2918 1318 2973 utilitate.
1334 2916 1406 2971 Deos
1421 2924 1519 2985 uellem,
1536 2917 1563 2972 id
1580 2921 1624 2972 est
1651 2918 1765 2974 scilicet
1784 2921 1844 2974 Deus

190 3010 296 3063 trahat.
314 3009 347 3061 ut
361 3008 415 3062 hoc
430 3008 507 3079 quod
525 3008 643 3062 ulterius
667 3024 725 3063 riou
751 3008 856 3074 veniet,
878 3008 992 3080 signum
1006 3027 1030 3087 0
1044 3015 1184 3061 austerrer
1196 3007 1370 3073 uateserula,
1380 3007 1513 3078 perhanc
1523 3005 1656 3062 fidelium
1671 3009 1845 3064 aversionem

191 3100 234 3151 est
251 3100 365 3168 tenipus
381 3096 567 3166 plenitudinis
579 3097 642 3166 jam
658 3096 815 3150 advenisse.
1044 3103 1166 3167 operatus
1181 3102 1216 3148 est
1231 3095 1342 3150 sirlirtrm
1354 3099 1383 3150 et
1399 3112 1456 3150 noir
1472 3110 1631 3166 paucorum
1653 3097 1793 3164 satutem,
1807 3095 1847 3152 sed

228 3185 318 3239 Causa
333 3184 506 3256 repulsionis
526 3185 692 3239 iudaeorum
715 3188 839 3250 ostensa,
862 3185 929 3256 quia
945 3185 994 3239 asl-

197 3272 313 3327 miratio
330 3274 358 3325 et
371 3270 490 3342 quastio
504 3271 563 3324 sieri
579 3275 684 3343 posset,
693 3288 782 3341 quare
790 3273 996 3327 suttcmssdelcs

195 3357 423 3432 persecutionem
442 3358 599 3430 patiantur.
611 3360 651 3413 Dc
665 3360 997 3430 ipsorumpcrsccutione

195 3446 366 3502 admirative
377 3446 479 3515 agitet
489 3446 677 3517 questionem
690 3447 997 3520 taeit,utpcstmud1uu

194 3519 294 3607 283
303 3534 403 3601 sulvat,
411 3533 450 3588 sic
460 3551 466 3588 :
478 3533 594 3588 Ostendi
602 3535 615 3587 t
620 3534 715 3589 udaos
723 3552 783 3589 esse
790 3537 999 3608 repulsosque

196 3624 319 3678 videndo
328 3622 420 3693 signa,
430 3622 704 3692 notueruuttempus
717 3623 883 3679 visitationis
895 3640 999 3696 eogno-

196 3728 284 3767 scere.
299 3712 360 3765 Nun
373 3712 466 3765 sotum
483 3727 549 3765 veru
565 3713 607 3765 est
622 3711 780 3783 persecutio
797 3711 826 3765 in
848 3712 946 3782 palcis,
970 3713 999 3768 id

196 3804 238 3855 est
250 3801 278 3854 iu
295 3800 458 3855 infidelibus
473 3798 521 3870 qui
537 3803 773 3870 proniernerunt,
790 3799 840 3853 scd
856 3801 945 3855 etiarn
969 3801 998 3855 in

196 3889 303 3962 granis,
317 3888 394 3943 idest
405 3888 431 3942 iu
444 3888 587 3953 fidelihus,
599 3888 646 3959 qui
667 3889 736 3942 nihil
753 3888 905 3960 promeriti
922 3894 998 3958 sunt,

197 3981 239 4032 est
247 3976 407 4050 persecutio
417 3976 480 4029 etin
489 3974 570 4029 dictis
582 3979 610 4028 et
620 3975 650 4028 in
661 3975 754 4031 sactis.
770 3976 803 4029 Et
817 3992 836 4047 q
848 3978 1000 4048 vanduqui·

197 4067 263 4119 dam
276 4064 601 4133 fidelespersequuntur‚
609 4079 740 4133 usquequo
753 4063 825 4116 Deus
834 4066 997 4135 impropero·

196 4153 235 4207 at
252 4152 305 4206 tuis
320 4167 372 4222 per
387 4148 463 4204 dicta
478 4151 611 4212 iniua'cus,
627 4150 656 4203 id
672 4153 714 4205 est
729 4150 996 4223 infidelispopulust

195 4241 413 4313 istudssusquequu
425 4256 483 4293 non
493 4238 654 4310 estsiguum
665 4239 813 4310 temporis,
824 4241 871 4296 sed
885 4259 998 4299 mensu-

1045 3184 1072 3236 in
1090 3182 1175 3236 medio
1191 3191 1276 3250 terra,
1291 3183 1319 3237 id
1335 3186 1375 3237 cst
1386 3182 1415 3236 in
1431 3183 1641 3239 communitate
1656 3188 1847 3242 terrenorum.

1047 3269 1129 3334 Quod
1141 3273 1182 3324 est
1198 3270 1292 3325 dicere
1311 3287 1317 3324 :
1334 3270 1395 3324 Non
1412 3271 1541 3324 videatur
1553 3271 1676 3326 fortuita
1691 3274 1741 3327 vet
1756 3273 1849 3345 inJ'usle

1047 3375 1149 3413 eurum
1165 3360 1288 3424 aversi03
1308 3374 1376 3413 nam
1393 3376 1445 3430 per
1457 3375 1522 3413 eam
1538 3359 1585 3413 ille
1600 3358 1652 3431 qui
1670 3362 1750 3417 Deus
1764 3367 1814 3428 est,
1828 3360 1850 3416 id

1049 3450 1091 3502 est
1106 3452 1218 3504 creator
1231 3451 1259 3503 et
1269 3465 1318 3503 ree
1328 3453 1484 3503 austeritate
1493 3449 1587 3504 sucula
1597 3449 1741 3518 existens,
1753 3451 1851 3524 quinos

1048 3537 1119 3591 rexit
1128 3538 1163 3592 ab
1173 3539 1282 3591 aterno
1292 3540 1358 3591 ante
1368 3535 1680 3609 secernitis-positione,
1693 3540 1850 3596 modovera

1049 3624 1852 3698 regitipsareiexperientia‚eperotusestsalutemcommu

1050 3713 1126 3768 niter
1142 3712 1317 3768 omnismodi
1333 3716 1527 3768 terrenorum.
1542 3713 1590 3768 Vel
1600 3711 1643 3769 sic
1654 3717 1751 3772 :Deus
1761 3732 1850 3790 opera-

1050 3806 1095 3856 tus
1108 3804 1150 3856 est
1160 3801 1280 3855 salutem
1294 3801 1447 3855 homiuum
1469 3817 1520 3873 per
1534 3818 1638 3857 eorum
1663 3805 1848 3861 aversionem.

1050 3892 1123 3945 Deus
1138 3889 1201 3944 dico
1216 3907 1261 3943 rer
1277 3895 1363 3942 riuster
1379 3890 1502 3943 tumulto
1518 3895 1594 3943 terre
1610 3890 1754 3961 existens,
1767 3893 1796 3949 id
1815 3896 1848 3947 est

1049 3979 1078 4032 in
1088 3978 1186 4033 tudaa
1196 3978 1532 4047 corporaliterhahitans,
1544 3994 1607 4050 qua.
1615 3978 1647 4032 in
1657 3982 1761 4038 medio
1769 3987 1848 4037 terra·

1049 4066 1234 4121 rumsitaest.
1250 4067 1283 4119 Et
1292 4065 1424 4137 quamvis
1434 4065 1464 4119 in
1477 4066 1573 4120 medio
1584 4070 1736 4124 terrarum
1748 4070 1849 4125 habita·

1048 4156 1130 4222 verit,
1147 4154 1304 4209 secundum
1322 4154 1399 4226 quod
1414 4155 1514 4222 harno,
1537 4155 1604 4209 aute
1628 4159 1741 4213 secum
1758 4164 1848 4215 tamen

1048 4246 1090 4300 est
1109 4243 1266 4298 secundum
1292 4242 1369 4314 quud
1388 4244 1472 4297 Deus.
1493 4244 1532 4297 Ac
1550 4242 1690 4298 sidicat:
1717 4247 1849 4302 Dominus

195 4348 244 4384 rae.
261 4332 299 4383 lte
315 4328 336 4383 si
352 4329 427 4383 dicsit
443 4344 449 4382 :
467 4328 622 4382 Videbatur
636 4330 714 4383 locus
722 4331 928 4401 persecutionis
936 4349 995 4387 esse
1007 4304 1034 4365 Ῑ)
1045 4334 1124 4390 tosus
1136 4349 1185 4388 rcx
1200 4336 1307 4398 noster,
1319 4347 1370 4402 per
1381 4347 1482 4385 eorum
1498 4330 1674 4402 passionem,
1686 4333 1793 4389 mundi
1810 4349 1849 4387 sa·

195 4417 344 4474 tautumin
353 4416 457 4487 palcis3
466 4416 515 4471 sed
525 4420 676 4488 postquam
687 4418 721 4471 ad
731 4421 997 4491 granapervenicn-

193 4508 229 4561 clo
238 4523 297 4560 non
307 4509 407 4571 cessat,
416 4522 557 4576 usquequo,
568 4505 596 4559 id
607 4510 650 4560 est
659 4506 695 4560 ad
704 4523 791 4577 quem
802 4509 921 4563 modum
930 4527 995 4581 per·

194 4593 996 4670 mittesinimicuminterrcssdetilrustuisimproperiaper

192 4683 288 4738 dicta?
298 4682 428 4746 Quudest
439 4683 533 4738 dicere
542 4700 548 4735 :
557 4683 714 4738 Putabatur
722 4684 993 4756 improperatioces-

190 4775 287 4826 satura
295 4769 490 4842 perveniendo
504 4770 541 4825 ad
556 4787 656 4842 grana.
666 4772 721 4827 Sed
732 4789 797 4826 cum
805 4772 869 4842 jam
882 4773 911 4828 in
926 4775 994 4845 ipsis

191 4859 288 4932 graciis
296 4861 391 4914 lucum
401 4859 516 4926 habeat,
524 4859 743 4932 igituraturquae
754 4866 923 4917 mensuraet
932 4865 994 4935 quis

189 4948 544 5003 tinissittuturusinea.Et
557 4965 645 5019 usque
656 4949 791 5021 adquam
811 4949 931 5005 modum
947 4953 993 5006 ud·

187 5036 991 5108 cursoriusinfidelispupulus‘lIrritaliufinemirritatiuuis

187 5142 281 5178 tierneo
292 5132 376 5178 tuum.
386 5123 481 5177 Irritut
490 5126 694 5196 compendiose
707 5127 832 5197 positum
843 5131 894 5182 est.
906 5126 989 5191 Quasi

185 5216 317 5286 poneret,
326 5214 630 5286 usquequoalluersurius
640 5216 780 5270 irritando
790 5220 817 5270 te
827 5217 949 5284 influent,
961 5217 990 5272 id

186 5302 989 5376 cstonminoperssdctiumpersecutionem,blasphema·

184 5389 483 5459 hitnomenluum,non
495 5409 574 5460 voce,
583 5392 633 5448 sed
647 5392 709 5465 ipsa
720 5392 849 5447 fidetium
857 5409 989 5464 persecu-

184 5476 274 5531 tione.
283 5479 422 5535 Fidetium
430 5498 556 5554 namque
565 5483 736 5553 persecutio,
748 5482 799 5536 liei
808 5482 935 5538 nominis
943 5487 986 5539 est

1045 4421 1276 4493 tutemjuperatus
1284 4422 1335 4474 est.
1347 4419 1429 4483 Quod
1440 4418 1776 4491 quidemtacerepotuit;
1788 4438 1849 4476 nam

1046 4511 1111 4567 etsi
1126 4511 1215 4565 homo
1231 4509 1260 4563 in
1281 4512 1359 4563 terra
1374 4507 1516 4580 apparuit,
1539 4511 1607 4563 ante
1627 4510 1738 4564 saecnta
1757 4514 1848 4565 tarum

1046 4601 1120 4654 Deus
1136 4598 1239 4653 existit.
1257 4597 1317 4663 vet,
1333 4599 1359 4650 ia
1376 4597 1461 4651 medio
1478 4596 1704 4667 armeniacus,
1719 4599 1752 4654 id
1766 4604 1808 4655 est
1822 4598 1848 4652 in

1048 4687 1143 4743 medio
1158 4686 1335 4753 iudaeorum,
1353 4685 1401 4756 qui
1423 4685 1544 4757 simplex
1567 4684 1648 4740 terra
1657 4672 1766 4759 284
1779 4689 1848 4751 snut,

1046 4792 1104 4830 non
1118 4775 1268 4849 spiritales.
1288 4773 1418 4829 Ostendit
1433 4790 1500 4828 vero
1522 4772 1615 4845 ipsam
1634 4776 1778 4844 salutem,
1793 4775 1846 4830 sic:

1043 4865 1114 4919 Vere
1131 4868 1264 4936 operatus
1276 4880 1306 4917 es
1316 4863 1448 4929 satutem,
1463 4879 1480 4917 o
1494 4863 1578 4917 Deus.
1592 4861 1667 4917 Nam
1694 4871 1727 4918 tu
1749 4864 1798 4939 qui
1815 4861 1847 4920 ad

1042 4953 1096 5007 huc
1110 4952 1254 5023 impotens
1269 4950 1421 5016 videbaris,
1435 4951 1463 5003 ia
1479 4951 1578 5005 virtute
1588 4954 1636 5004 tuo
1651 4950 1791 5009 fidelibus
1802 4951 1845 5007 da·

1041 5043 1080 5107 ta,
1096 5041 1125 5095 id
1140 5046 1182 5094 cst
1194 5058 1246 5113 per
1261 5038 1454 5094 constantiam
1470 5055 1555 5110 quam
1572 5036 1679 5094 dedisti
1690 5041 1735 5096 eis
1748 5041 1778 5097 in
1791 5056 1846 5115 per·

1041 5129 1199 5195 secutione,
1209 5129 1371 5197 eurvfirmasti
1385 5129 1412 5181 in
1428 5126 1485 5182 fide
1499 5144 1582 5194 ruere,
1598 5126 1664 5183 illos
1680 5128 1843 5202 scilicetqui

1041 5218 1131 5272 dittlui
1147 5221 1230 5273 erant
1245 5232 1427 5289 pereuntes,
1440 5215 1609 5271 admodum
1619 5218 1844 5292 maris,quosie

1039 5307 1099 5362 cisti
1110 5306 1139 5361 in
1157 5307 1213 5361 lide
1229 5305 1352 5361 stabiles.
1372 5305 1490 5360 Multum
1504 5303 1645 5360 nimirum
1663 5312 1791 5381 operata
1807 5308 1843 5361 est

1038 5395 1200 5451 constantia
1213 5396 1374 5467 martyrum
1386 5392 1518 5448 adssdem
1526 5391 1706 5449 infidelium.
1718 5396 1840 5461 Quorum

1036 5485 1165 5556 protecto
1179 5483 1349 5549 constantia,
1365 5482 1387 5536 si
1404 5482 1563 5549 defecisset,
1577 5498 1638 5538 uon
1653 5484 1840 5559 utiquetantu

175 5562 494 5635 blasphematioQuasi
504 5569 631 5626 dieat:d
647 5571 734 5628 modu
744 5571 898 5644 ignoratur
918 5573 983 5646 quis
1034 5569 1840 5646 infideliummnttitudopereorumexemplumcredidis·
