3772 5976
111 308 164 365 lea
899 306 990 364 ACTA
1725 327 1778 388 tvl

108 430 410 504 menteriisinseruit;
427 449 493 490 cum
506 449 596 509 opera
610 436 640 492 at
655 433 750 492 studio
765 430 957 496 cardinalish
972 430 1050 504 quod
1060 431 1776 515 militat,velmagis,velminus,proutrernmtem·

107 523 213 597 Angeli
223 522 318 580 ldariae
329 523 447 589 Queriui
458 522 534 580 binae
545 524 648 581 litterar
660 524 784 581 inventae
794 525 860 579 sunl
870 523 922 578 Ln-
971 537 1132 595 porumque
1144 523 1280 595 adjuncta
1294 526 1411 597 luerint,
1427 547 1493 587 vero
1508 532 1615 589 clllciat
1627 535 1777 609 absimile;

109 613 204 670 dovici
220 612 372 668 Fuscarcni
387 613 424 668 ad
439 616 571 669 sanctum
587 615 774 670 Laurentium
789 612 922 669 Justiuia·
971 611 1007 665 ad
1021 612 1109 683 quod,
1120 611 1149 666 ni
1161 615 1341 686 argumentis
1357 618 1498 690 negativis
1515 621 1610 677 locum
1628 641 1778 698 nunquam

108 719 193 771 num,
210 705 279 758 tuno
294 702 491 776 patriarcham
503 702 700 774 venetiarum,
718 706 781 778 qum
796 719 860 760 rem
876 704 920 758 to·
971 715 1032 754 essa
1046 700 1124 769 velis,
1140 719 1199 757 non
1216 704 1383 776 requiritur,
1396 709 1779 778 utcartum,sedtantumut

107 794 172 848 tam
184 791 215 847 in
229 794 330 866 aperto
346 794 528 864 ponerent.»
971 789 1133 845 verosimile
1150 791 1197 860 sit,
1213 809 1276 848 rem
1293 811 1310 848 a
1325 795 1513 868 scriptoribus
1520 800 1655 874 antiquis,
1666 803 1715 876 qui
1728 821 1779 877 pe·

146 883 210 938 323.
233 900 250 933 (ι
272 879 387 935 Etenim
418 895 483 935 cum
510 879 732 952 quatuordecim
755 878 838 935 annis
857 879 923 953 post
971 877 1082 946 rierint,
1100 880 1250 937 memorias
1262 882 1409 954 proditam
1426 902 1484 942 non
1500 887 1602 958 luisse;
1617 881 1780 951 bocautem

108 969 235 1025 Brixiam
261 968 297 1024 ab
320 967 471 1024 obsidione
490 968 644 1025 liberatam
663 970 839 1024 Fuscarcnus
860 967 922 1039 ejus
971 967 1102 1035 habetur,
1117 969 1139 1024 si
1156 974 1234 1025 certo
1250 970 1365 1040 sciatur,
1393 991 1409 1028 a
1425 976 1510 1032 nullis
1525 976 1713 1050 scriptoribus
1727 998 1779 1039 an·

107 1057 232 1114 civitatis
242 1055 525 1113 administrationem
534 1057 921 1132 suscepisset,sibiaVeneto
971 1055 1068 1128 tiquis,
1084 1046 1172 1114 modo
1185 1058 1279 1114 adhuc
1303 1063 1490 1132 exstantibus,
1511 1064 1613 1122 litteris
1629 1068 1781 1142 consigna·
1855 1118 1859 1128 .

107 1151 213 1204 senatu
223 1146 441 1214 demandatam,
453 1146 541 1202 biduo
552 1147 734 1219 postaditam
742 1145 921 1221 provinciam
971 1147 1033 1199 tam
1048 1144 1180 1211 inveniri,
1197 1165 1322 1220 quorum
1337 1151 1424 1223 aliqui
1436 1157 1486 1208 aut
1501 1170 1574 1210 nnus
1587 1157 1689 1213 saltem
1697 1159 1782 1216 alter-

107 1252 213 1293 rumor
226 1234 379 1303 increbuit,
391 1235 544 1291 consilium
559 1236 665 1291 initum
680 1235 766 1292 luisse
780 1235 923 1308 aquibus-
971 1249 1005 1289 ve
1017 1235 1219 1292 verosimiliter
1237 1239 1308 1294 tales
1326 1239 1393 1307 sint,
1410 1245 1441 1297 ut
1456 1256 1533 1311 cam,
1558 1242 1582 1298 si
1603 1244 1712 1316 luisset,
1726 1247 1780 1304 sci-

109 1323 923 1399 damreligiosisvirisindeasportandillenetiascorpora
972 1323 1039 1391 turi,
1059 1324 1218 1398 scitamque
1243 1330 1501 1386 commemoraturi
1520 1330 1651 1389 luissent.
1674 1335 1779 1410 Accipe

109 1417 278 1471 sanctorum
286 1412 411 1469 Faustini
422 1416 451 1470 et
466 1413 565 1471 Jovitee
575 1432 583 1483 ;
595 1431 627 1470 ac
640 1413 694 1469 nisi
703 1412 923 1486 lpsereligiosos
972 1413 1096 1468 alterum
1108 1414 1196 1469 modo
1207 1415 1259 1482 rei,
1275 1433 1338 1488 quar
1354 1417 1468 1487 accidit,
1485 1435 1540 1474 uec
1554 1424 1655 1479 lemen
1667 1424 1780 1499 ascrip-

108 1504 176 1560 illos
184 1505 347 1578 opportune
355 1506 504 1569 servasset,
516 1502 614 1576 populi
626 1503 810 1576 iraierroque
821 1501 921 1576 periis-
971 1500 1082 1556 toribus
1094 1503 1264 1574 synchronis
1279 1510 1471 1570 memoratur,
1484 1511 1659 1582 exemplum.

109 1597 186 1650 sent.
198 1594 374 1648 Fuscareuus
384 1592 651 1667 inallatiscpistolis
661 1610 777 1648 causam
789 1593 922 1665 aperiens
1008 1591 1120 1645 sabab
1134 1591 1260 1647 Honorio
1272 1593 1368 1661 tertio,
1377 1612 1492 1652 summo
1503 1592 1782 1669 pontifice,celeber·

109 1682 152 1756 pii
175 1682 291 1750 luroris,
318 1682 366 1755 qui
389 1685 502 1738 mentes
521 1682 722 1738 Brixianorum
741 1680 921 1748 incenderat,
972 1677 1079 1734 rimam
1096 1677 1414 1756 indulgentiamque«
1425 1686 1620 1744 Porciunculae
1633 1710 1647 1738 a
1665 1687 1779 1758 dicitur,

110 1771 175 1826 lraec
189 1771 277 1827 habet
296 1787 303 1826 :
329 1791 345 1823 s
367 1772 507 1827 llcmores
528 1774 604 1839 sunt,
622 1788 686 1826 curn
705 1770 921 1838 circumvallati,
937 1768 1087 1839 chtiisse
1097 1785 1130 1823 ac
1141 1786 1228 1842 porro
1242 1769 1411 1841 impetrasse
1427 1772 1456 1829 S.
1470 1775 1650 1832 Franciscum
1661 1777 1780 1835 hssisia·

110 1879 127 1913 s
140 1859 244 1916 inclusi
252 1860 330 1916 larue
340 1860 517 1926 laborarent,
529 1859 631 1915 ultima
644 1858 924 1933 experirenturperi·
972 1860 1043 1923 tem,
1056 1857 1127 1912 nulli
1136 1858 1425 1932 prorsusscriptores,
1436 1863 1603 1933 synchroni,
1613 1864 1672 1921 imo
1681 1884 1718 1923 ne
1726 1866 1781 1942 ipsi

110 1967 127 2001 s
144 1949 220 2017 cula,
230 1948 304 2003 visos
315 1949 350 2004 ab
358 1948 487 2004 hostibus
495 1951 605 2003 tutores
619 1948 815 2003 sanctissimos
828 1947 923 2015 aureis
972 1944 1102 2018 quidem,
1113 1945 1161 2019 qui
1170 1945 1260 2002 vitam
1271 1947 1332 2018 ejus
1343 1964 1462 2004 omnem
1474 1954 1595 2023 segesta
1608 1969 1641 2008 ex
1649 1952 1781 2014 instituto

110 2055 128 2090 s
143 2037 234 2093 armis
242 2037 367 2093 Brixiam
373 2037 463 2093 tueri:
476 2055 532 2110 quo
541 2037 680 2092 miraculo
690 2036 830 2092 attonitus
839 2036 923 2092 Nico·
973 2033 1194 2105 diligentissime
1208 2035 1431 2108 descripserunt,
1442 2039 1568 2096 Thomas
1577 2041 1699 2098 Celanns
1708 2047 1738 2100 et
1750 2045 1780 2102 S.

110 2126 383 2194 »temptauimus
402 2126 457 2181 dux
473 2126 655 2193 fortissimus,
674 2124 822 2198 potiunda
844 2124 923 2182 urbis
973 2124 1184 2178 bonaventura·
1199 2124 1381 2182 llincsaecnlo
1389 2131 1468 2183 sexto
1476 2128 1589 2186 decimo
1600 2131 1782 2203 potissimum

110 2234 127 2268 s
143 2232 228 2288 spem
243 2214 380 2290 perdidit,
404 2215 535 2289 supplicii
558 2214 686 2287 petendi,
698 2231 858 2287 aurumque
868 2215 920 2270 ha·
973 2228 1032 2267 non
1043 2210 1208 2280 defuerunt,
1218 2213 1486 2288 quiindulgeutiam
1496 2218 1575 2275 illam
1586 2218 1616 2275 S.
1632 2220 1782 2279 Francisco

108 2323 125 2357 s
141 2304 232 2360 bandi
248 2304 416 2360 aviditatem
431 2304 553 2360 remisit.
571 2302 646 2369 Quas
662 2303 698 2359 ob
714 2321 760 2359 res
777 2303 921 2359 dillicilius
973 2301 1008 2356 ab
1031 2301 1157 2357 honorio
1172 2319 1300 2376 unquam
1315 2303 1401 2360 luisse
1425 2322 1601 2376 concessam,
1627 2310 1670 2365 vel
1684 2310 1783 2368 animo

108 2413 124 2447 »
141 2393 188 2449 his
203 2392 373 2467 corporibus
387 2397 529 2448 carerent.
545 2412 560 2445 »
577 2391 729 2448 Fuscareni
742 2392 869 2465 epistolae
881 2392 924 2448 in·
972 2389 1126 2445 obfirmato
1137 2391 1783 2468 negarint,velsaltcmindubiumrcvocarint,

108 2486 203 2555 tegrae
228 2481 343 2537 insertas
365 2480 472 2537 suntin
488 2481 611 2554 epistola
624 2480 754 2552 praedicti
768 2480 923 2536 cardinalis
972 2479 1025 2533 hac
1038 2478 1156 2549 insuper
1173 2479 1288 2535 ratione
1300 2480 1336 2535 ad
1351 2481 1380 2537 id
1394 2482 1520 2555 impulsi,
1534 2485 1612 2558 qnod
1625 2485 1784 2561 discipline

107 2570 186 2644 typis
200 2569 312 2626 editact
323 2570 360 2625 ad
376 2572 491 2626 Patrem
504 2570 678 2642 cyprianum
694 2569 862 2642 Benagliam
872 2570 922 2625 ab·
972 2566 1136 2639 usibusque,
1151 2569 1199 2640 qui
1209 2568 1238 2624 S.
1251 2569 1393 2626 Francisci
1407 2574 1492 2627 atate
1505 2571 1534 2628 in
1552 2573 1673 2630 ecclesia
1684 2575 1785 2648 vigue-

107 2659 211 2715 batem
226 2662 255 2714 et
269 2658 424 2730 praesidem
433 2659 602 2730 generalem
611 2658 847 2731 congregationis
857 2657 922 2714 Cas·
973 2659 1051 2722 runt,
1068 2656 1256 2729 indulgentias
1273 2661 1333 2713 tam
1345 2661 1461 2733 ampliu,
1471 2679 1558 2734 quarn
1568 2662 1603 2717 sit
1615 2663 1786 2722 Portiuncu·

108 2747 235 2803 sinensis
244 2747 321 2803 data.
333 2749 401 2804 Post
411 2765 474 2820 quae
487 2747 564 2803 idem
577 2747 676 2803 doctus
692 2747 846 2802 cardinalis
862 2748 924 2803 haec
973 2745 1049 2812 lana,
1065 2745 1211 2801 concessio
1228 2745 1351 2801 minime
1366 2753 1550 2821 congrueret.
1563 2751 1669 2807 Verum
1680 2755 1784 2812 saeculo

108 2835 147 2892 ad
157 2853 221 2891 rem
230 2836 358 2893 subdiu«
369 2835 505 2909 Superest
513 2835 683 2902 taudem,ut
694 2852 750 2890 una
759 2853 875 2891 mecum
883 2836 924 2891 la·
973 2832 1104 2905 proxime
1115 2834 1211 2906 elapso
1225 2851 1258 2888 cx
1269 2835 1394 2908 antiquis
1407 2838 1552 2895 codicibus
1566 2839 1596 2895 in
1609 2841 1702 2897 lucem
1719 2846 1784 2898 tan-

108 2944 125 2978 s
136 2924 237 2993 tearis,
245 2929 462 2997 argumentum,
475 2924 553 2998 quod
565 2924 843 2997 negativumcritieae
854 2923 924 2980 artis
972 2921 1039 2977 dcm
1051 2920 1114 2994 (hdi
1127 2922 1224 2994 operis
1233 2923 1324 2979 nostri
1337 2927 1408 2980 tom.
1419 2928 1441 2980 ll
1452 2925 1594 2996 Octobris,
1605 2947 1634 3002 p.
1646 2932 1697 2988 887
1707 2934 1785 2988 etse·

109 3033 125 3066 s
134 3013 268 3086 magistri
279 3017 392 3081 vocant,
400 3031 514 3088 quoque
527 3014 614 3086 aliqui
624 3031 658 3069 cx
667 3013 735 3086 ipsis
745 3013 822 3068 haud
830 3012 870 3068 ita
879 3030 922 3069 ra-
933 3063 957 3123 c
972 3010 1081 3082 quenti)
1092 3010 1174 3065 luere
1182 3012 1297 3083 prolata
1305 3008 1484 3078 testimonia,
1495 3016 1692 3090 quadraginta
1702 3019 1784 3077 circi·

108 3121 125 3155 s
137 3119 172 3158 ro
192 3103 351 3159 abutuntur
369 3102 405 3157 ad
426 3103 645 3158 convellendam
662 3106 920 3159 monumentorum
970 3101 1014 3153 ter
1025 3101 1090 3170 post
1100 3097 1247 3154 obituan.
1263 3101 1407 3156 Francisci
1418 3103 1513 3170 annis,
1526 3122 1591 3160 cum
1603 3105 1786 3180 indulgentia

108 3191 393 3247 »ecclesiasticorum
421 3192 634 3260 auctoritatem,
667 3190 751 3246 lacile
790 3190 921 3248 accidere
969 3186 1093 3259 illajam
1109 3192 1184 3255 tum,
1202 3188 1280 3260 quod
1296 3191 1382 3247 nulla
1400 3191 1435 3246 do
1455 3208 1490 3247 ea
1510 3191 1613 3249 litteras
1628 3196 1786 3267 pontificiae

109 3299 126 3333 s
138 3297 233 3354 posse,
246 3279 469 3354 utomniipsurn
482 3279 829 3335 auctoritatedcstitutum
840 3296 919 3335 com·
969 3279 1125 3343 exstarent,
1143 3276 1173 3331 in
1189 3276 1308 3333 dubium
1331 3284 1464 3335 revocata
1480 3283 1633 3339 autetiam
1649 3287 1786 3358 negatae

109 3389 125 3421 s
140 3368 281 3443 periatur.
295 3369 378 3424 Certe
399 3368 579 3440 triumphare
601 3368 671 3423 illud
689 3385 777 3441 quam
794 3367 920 3424 maxime
971 3365 1120 3421 nonnullis
1132 3364 1243 3433 luisset,
1256 3369 1312 3423 ali.
1326 3367 1481 3425 Benedicta
1492 3371 1622 3440 hretiuo,
1632 3373 1784 3448 peripsum

109 3457 467 3529 »videbaturinsubjecta
484 3457 687 3529 huicepistolas
703 3456 919 3523 materia,na1n
972 3452 1001 3507 S·
1012 3453 1197 3509 Franciscum
1214 3455 1243 3510 in
1260 3455 1395 3512 ordinem
1421 3457 1490 3514 olim
1513 3459 1649 3529 admisso,
1666 3464 1787 3536 atquae

109 3549 266 3601 »veterum
280 3545 455 3619 scriptorum
473 3545 665 3600 silentiumne
678 3544 876 3600 vehementius
891 3543 921 3599 in
972 3542 1115 3614 Raynerio
1127 3542 1163 3598 de
1174 3543 1400 3616 llariauo,bujus
1408 3546 1554 3604 Benedicti
1561 3549 1650 3617 socio,
1659 3551 1784 3622 reddita,

110 3635 272 3691 »eamdem
297 3634 429 3707 torqueri
452 3636 577 3707 poterat,
606 3633 685 3706 quod
714 3635 809 3705 plures
835 3634 923 3689 modo
974 3630 1787 3710 quibushiambo,dictamindulgentianretperS.Fran·

110 3721 923 3798 »suppetantcommeutarii,Brixianrnohsidionistem·
974 3719 1080 3774 cisoum
1097 3718 1219 3791 petitam
1233 3722 1262 3774 ct
1293 3721 1328 3775 ab
1355 3720 1481 3778 llonorio
1506 3726 1591 3781 tertio
1618 3742 1784 3785 concessam

111 3830 208 3886 »pore
223 3812 258 3869 do
274 3811 435 3868 obsidionis
450 3811 526 3866 illius
539 3811 625 3865 robus
639 3810 803 3883 conscripti.
975 3806 1072 3874 luisse,
1089 3824 1105 3862 e
1121 3808 1301 3875 narratione,
1315 3808 1368 3863 sibi
1381 3810 1436 3864 hac
1447 3811 1483 3865 de
1499 3828 1530 3866 re
1546 3829 1562 3866 a
1578 3814 1667 3870 fratre
1677 3816 1784 3873 llassoo

148 3903 212 3958 all.
225 3903 380 3974 «Atquam
389 3917 479 3956 vanus
491 3899 622 3955 loretillc
633 3899 796 3972 triumphus
806 3899 927 3954 detectas
978 3898 1013 3953 de
1029 3893 1207 3966 ldarignano,
1222 3896 1269 3967 qui
1285 3913 1412 3967 praseae
1423 3898 1564 3966 adfuerat,
1581 3901 1666 3969 iacta,
1679 3906 1786 3961 testan-

112 4012 129 4044 s
145 4008 164 4047 a
178 4007 225 4045 me
241 3989 395 4045 Fuscareni
415 3989 520 4044 litterae
546 3988 747 4044 ostenderunt.
765 3988 927 4056 Undenam,
979 3983 1357 4056 tur.hccessitpotissimnm
1375 3989 1404 4041 et
1417 3986 1616 4043 testimonium
1627 3989 1715 4059 aliud,
1728 4009 1785 4065 quo

113 4100 130 4132 s
146 4095 199 4153 per
214 4080 305 4134 Deum
322 4077 532 4144 immortalem,
550 4079 630 4132 certo
649 4076 777 4131 divinare
790 4093 819 4130 se
835 4093 928 4148 posse,
979 4075 1080 4128 Petrus
1094 4072 1227 4127 Zallanus
1242 4071 1358 4145 (videsis
1369 4074 1509 4131 eumdem
1524 4077 1624 4148 operis
1635 4080 1753 4135 nostrit.
1763 4083 1786 4138 ll

114 4167 272 4223 »confidet
294 4167 463 4222 criticorum
497 4166 612 4221 illorum
638 4165 728 4233 natio,
752 4164 851 4238 priscis
874 4164 931 4221 illis
979 4160 1786 4234 Octobris,p.890)teslatnsest,seseinecclesiaSanctae

115 4273 131 4307 »
145 4255 356 4323 monumentis,
378 4254 484 4328 quibus
500 4253 553 4327 ipsi
575 4253 714 4326 praecipiti
739 4269 808 4307 ausu
822 4254 930 4308 hellum
979 4249 1072 4305 llario
1087 4251 1122 4304 de
1138 4249 1323 4307 Portinncula
1338 4255 1512 4322 praesentem
1529 4254 1664 4323 adluisse,
1675 4272 1742 4313 cum
1756 4258 1785 4316 in

116 4362 132 4396 »
148 4342 291 4411 indicunt,
302 4343 477 4399 testimonia
492 4341 692 4414 hujuscemodi
710 4341 779 4397 olim
796 4340 928 4407 doluisse,
941 4329 966 4388 D
980 4356 1014 4394 ea
1026 4339 1055 4394 S.
1071 4338 1244 4408 Franciscus,
1259 4341 1370 4411 septem
1388 4340 1546 4396 astantibus
1573 4343 1723 4417 episcopis,
1739 4364 1786 4404 ac·

116 4449 213 4488 »cunr
229 4433 456 4488 totsvaculorum
478 4432 571 4503 lapsu,
596 4430 671 4485 lorte
691 4431 769 4485 malo
786 4431 856 4497 lato,
881 4432 930 4484 aut
980 4431 1093 4500 ceptam
1119 4428 1154 4482 ab
1178 4427 1306 4483 Honorio
1337 4428 1552 4502 indulgentiam
1576 4435 1786 4507 promulgaret.

116 4540 133 4575 s
150 4521 271 4578 omnino
291 4519 471 4588 interierint,
488 4522 538 4575 aut
554 4520 582 4573 in
600 4518 728 4574 tenebris
752 4518 844 4573 adbuc
860 4517 930 4573 deli·
979 4517 1045 4574 Tria
1055 4534 1141 4589 porro
1155 4517 1217 4571 haec
1234 4517 1403 4573 testimonia
1423 4518 1555 4575 dubitare
1581 4538 1641 4578 uon
1663 4525 1789 4598 amplius

116 4630 134 4664 s
148 4609 285 4666 tescant‘l
299 4630 313 4658 »
330 4610 371 4664 En
387 4625 456 4664 saue
473 4610 647 4680 praeclarum
664 4606 732 4662 lacti
755 4607 930 4679 exemplum,
981 4606 1090 4674 sinunt,
1104 4605 1174 4678 quin
1190 4605 1309 4678 insignis
1317 4606 1366 4661 illa
1376 4606 1594 4681 indulgentiaet
1602 4611 1690 4683 perS.
1700 4614 1788 4672 Frau-

117 4698 208 4772 quod,
228 4698 280 4754 etsi
296 4714 397 4754 revera
421 4697 567 4763 acciderit,
592 4695 627 4751 ab
651 4696 816 4751 auctoribus
829 4699 929 4752 tamen
981 4694 1088 4749 cisoum
1097 4693 1191 4765 reipsa
1202 4693 1289 4748 luerit
1302 4693 1403 4766 petita,
1415 4695 1549 4752 cteidem
1563 4715 1615 4770 per
1629 4701 1788 4758 llonorium

117 4787 288 4860 synchronis
312 4786 462 4842 memoriae
495 4784 642 4858 proditum
682 4800 741 4840 non
772 4784 930 4842 iuvenitur.
981 4783 1276 4850 conoessa,ettamen
1297 4782 1338 4837 rci
1353 4783 1447 4854 hujus,
1464 4785 1573 4857 utjam
1585 4787 1704 4857 dictum,
1715 4790 1788 4848 nulli

118 4876 253 4949 quodque
267 4874 373 4930 idcirco
394 4890 510 4948 semper
532 4876 583 4928 aut
609 4889 661 4945 pro
685 4872 757 4928 lalso
786 4872 930 4941 habitum,
981 4887 1098 4943 prorsus
1112 4869 1266 4941 scriptores
1275 4872 1598 4944 contemporaneiacue
1608 4875 1659 4948 ipsi
1668 4877 1787 4950 quidem

118 4968 169 5020 aut
183 4968 260 5019 certe
275 4964 305 5019 in
319 4963 440 5018 dubium
455 4963 623 5017 revocatum
634 4960 744 5028 luisset,
761 4959 815 5015 nisi
832 4961 932 5017 Fusca—
980 4957 1122 5014 Francisci
1136 4956 1298 5032 biographi,
1313 4961 1344 5012 nt
1360 4963 1390 5014 ut
1404 4977 1449 5015 res
1459 4978 1573 5022 omues,
1584 4962 1619 5016 ab
1631 4979 1665 5018 eo
1679 4967 1786 5036 gestas,

118 5052 193 5108 remi
201 5052 316 5120 litterae,
328 5068 393 5126 quaa
402 5050 610 5107 lucidissimum
623 5048 649 5103 ei
660 5047 860 5104 testimonium
868 5065 932 5120 per·
980 5045 1318 5118 calamodiligentissime
1326 5048 1480 5121 complexi,
1491 5049 1699 5123 meminerunt,
1709 5056 1787 5126 quod

118 5141 231 5208 bibant,
241 5141 278 5197 ab
294 5139 526 5196 eminentissimo
536 5136 683 5193 cardinale
695 5136 821 5201 Ouerino
834 5138 930 5194 detec-
979 5153 1049 5192 sane
1065 5137 1238 5208 argumento
1252 5137 1294 5189 cst
1310 5151 1451 5208 perquam
1460 5137 1565 5205 valido,
1576 5139 1714 5197 continuo
1721 5159 1789 5200 con-

118 5232 158 5285 tae
170 5229 306 5297 luissent;
323 5228 373 5302 qui
392 5227 510 5284 interim
533 5227 601 5281 binc
623 5225 788 5298 argumenti
805 5225 930 5298 negativi
980 5241 1104 5298 sequens
1118 5241 1176 5279 non
1191 5239 1261 5290 esse,
1283 5225 1314 5277 ut
1335 5239 1391 5290 res,
1406 5241 1502 5297 quma
1520 5227 1708 5299 scriptoribus
1722 5247 1790 5289 con·

119 5318 179 5375 viru
191 5317 315 5373 nimium
330 5319 442 5374 elevare
465 5315 588 5371 videtur.
611 5314 668 5369 Etsi
698 5314 776 5368 enim
801 5314 855 5368 hoc
870 5331 930 5370 non
980 5313 1179 5387 temporaneis
1190 5330 1248 5368 non
1263 5317 1476 5383 memorantur,
1491 5315 1610 5372 indubie
1629 5318 1708 5374 falsa
1719 5320 1786 5384 sint.

121 5406 257 5469 sufficiat,
271 5409 302 5459 ut
315 5405 466 5479 quidlibet,
494 5404 538 5458 cui
559 5403 727 5476 opponitur,
748 5419 765 5457 a
778 5419 845 5456 vero
863 5418 930 5475 pro·
1016 5406 1078 5459 326.
1088 5404 1151 5458 Jam
1160 5418 1238 5468 vcro,
1249 5417 1315 5455 cum
1326 5418 1450 5474 pronum
1461 5406 1622 5461 admodum
1635 5407 1681 5477 sit,
1692 5414 1783 5481 utrcs,

120 5494 271 5553 nuntietur
285 5493 423 5562 alienum,
435 5493 463 5548 id
474 5495 574 5548 tarneu
585 5491 642 5563 (adi
655 5509 736 5547 nuni.
749 5491 810 5562 258)
818 5490 931 5547 roboris
981 5511 1055 5566 qua,
1064 5491 1117 5546 etsi
1127 5494 1225 5562 geste,
1235 5505 1252 5543 a
1262 5489 1449 5562 scriptoribus
1460 5498 1713 5567 contemporaneis
1728 5516 1786 5557 non

121 5584 177 5643 sihi
196 5598 253 5641 nou
267 5583 431 5641 rarobabet
448 5581 627 5655 emunctam,
645 5583 676 5636 ut
695 5581 931 5647 lactun1,contra
981 5582 1192 5645 memorantur,
1202 5577 1316 5636 silentio
1327 5579 1595 5658 etiamascquioris
1607 5585 1658 5643 eri
1668 5587 1786 5668 scripto
