3772 5970
176 329 229 385 ιιι

480 322 509 381 S.
522 320 694 378 aauuouts
714 316 1030 379 marausnuoauu
1048 316 1282 382 instituturus
1302 322 1380 383 OPP.
1401 326 1501 384 PARS.
1524 326 1534 382 l

1791 324 1857 387 ru·

185 450 311 516 auditor,
325 447 383 502 mei
396 445 528 519 exemplo
541 452 658 516 exspecta
673 442 1022 510 Dorm'uom,credexidoiA
1038 445 1144 499 aliona
1159 445 1320 501 intentione
1347 464 1423 514 rnea,
1450 466 1507 520 qua
1528 451 1557 502 te
1579 447 1729 521 deprecor.
1749 450 1784 502 Et
1801 449 1844 503 di·

179 539 259 592 illum
277 536 328 590 tibi
344 535 446 590 eadem
462 535 539 589 bona
554 535 698 587 daturum.
717 532 797 586 Unde
811 532 982 603 Apostolus:

177 649 192 676 a
208 626 300 680 Nolite
316 624 449 678 amittere
461 622 678 688 confidentiam,
696 639 759 692 quur
779 637 915 689 xiragnam
932 621 982 673 lia-

177 714 226 767 bel
235 711 504 767 remunerationem
521 711 616 782 (Helu.
630 728 656 775 x,
672 713 728 775 35).
741 731 755 757 ι)
772 709 840 762 Dico
851 715 981 777 suspectu

176 807 204 856 et
218 805 246 856 in
264 802 455 872 exspectando
472 816 530 854 uon
550 801 588 853 sis
611 799 745 853 remissus
768 800 796 852 iu
822 798 981 868 operibus,

176 891 225 944 sed
240 890 356 944 viriliter
368 907 417 959 epe
432 889 592 959 operando,
608 887 730 954 orando,
756 887 829 940 ιιειιε
855 886 982 958 cogitan-

175 979 222 1033 do.
235 977 282 1045 Ει,
299 995 364 1033 ειιιιι
378 977 496 1031 ιιιιιιιει
511 978 615 1049 egeris,
631 993 688 1030 ιιοιι
704 992 796 1031 cesses
820 978 979 1046 praeludio,

174 1069 224 1123 sed
237 1068 400 1136 eonfortetur
414 1066 442 1119 in
458 1068 513 1121 hoc
535 1083 580 1119 eor
596 1073 681 1119 tuoni.
701 1089 714 1114 a
732 1066 801 1119 Nam
823 1066 872 1136 qui
888 1084 981 1138 perse-

173 1156 313 1210 veraverit
329 1171 418 1227 usque
433 1154 460 1208 in
474 1155 574 1222 tinem,
590 1155 636 1209 hic
647 1156 739 1209 salsus
750 1155 805 1208 erit
825 1154 934 1221 {Mottlo
952 1173 979 1222 ιι,

173 1247 226 1314 ιι).
242 1266 254 1292 o
269 1245 303 1297 at
317 1243 339 1297 ει
355 1242 494 1298 Dominus
511 1260 624 1298 moram
640 1242 750 1309 lecerit,
766 1244 874 1307 cristine,
894 1243 980 1297 idest

172 1332 317 1404 patienter
327 1335 469 1403 exspecta,
484 1330 640 1397 Dominum,
655 1348 692 1384 ue
708 1347 880 1385 murmures.

407 1420 440 1472 ΙΝ
461 1419 623 1473 PSALMUM
642 1419 740 1472 XXVII.

1034 550 1124 603 girum
1138 538 1220 587 estut
1235 534 1370 589 exaudias
1386 553 1392 589 ε
1407 537 1472 589 ‹tir-m
1487 537 1542 591 lioc
1557 538 1692 608 estquod
1707 555 1754 591 ero
1771 537 1844 591 odte

1034 622 1236 692 obtinendum,
1261 640 1318 678 nen
1335 625 1442 694 aliquid
1467 629 1627 692 terrenum,
1644 629 1683 689 et,
1702 625 1778 679 duur
1790 626 1843 681 boc

1033 712 1166 781 estquod
1184 728 1241 764 riou
1258 712 1401 782 deprimo,
1418 713 1467 766 sed
1482 713 1587 780 extollo,
1605 713 1697 779 idest,
1714 714 1844 768 intensas

1032 796 1106 852 lartio
1121 816 1227 866 ieiunus,
1248 800 1347 867 idest,
1369 800 1545 868 affectiones,
1567 819 1647 869 tricos,
1660 802 1697 855 od
1715 802 1841 873 templum

1031 895 1150 940 structum
1175 895 1249 940 tuum
1274 890 1518 944 constituendum.
1541 890 1623 954 Quod
1648 895 1691 945 est
1712 891 1811 945 dicere
1833 908 1840 946 ι

1033 977 1105 1028 llum
1122 976 1158 1030 ad
1181 977 1236 1030 lioc
1254 961 1305 1048 81
1334 979 1499 1032 allectiones
1528 995 1599 1032 mea·
1620 978 1789 1044 intendunt,
1810 982 1840 1033 ul

1031 1065 1203 1119 constituam
1227 1066 1393 1132 Ecclesiam,
1409 1083 1472 1138 quae
1495 1067 1550 1120 erit
1572 1074 1693 1119 setectum
1713 1066 1838 1136 tempium

1032 1159 1117 1218 teratu,
1133 1153 1161 1206 in
1174 1170 1230 1224 quo
1247 1154 1366 1208 habites.
1384 1155 1464 1208 Unde
1475 1155 1625 1225 Apostolus
1637 1171 1644 1208 :
1657 1176 1672 1203 a
1685 1155 1837 1226 Templum

1030 1241 1080 1295 bei
1096 1245 1228 1295 sanctum
1244 1246 1296 1309 est,
1309 1243 1386 1313 quod
1402 1243 1469 1296 estis
1481 1261 1531 1298 vos
1547 1242 1593 1313 (II
1605 1242 1670 1297 Cor.
1688 1260 1729 1309 ιιι,
1750 1246 1805 1309 tr),
1825 1266 1838 1291 a

1031 1330 1073 1383 vel
1090 1329 1128 1383 sic
1145 1346 1151 1383 :
1169 1330 1242 1383 Dum
1258 1331 1364 1397 extollo,
1381 1331 1410 1385 id
1426 1335 1468 1385 εει
1485 1332 1565 1387 elevo
1589 1349 1693 1386 manus
1709 1348 1792 1386 meas
1810 1331 1836 1386 in

1029 1434 1112 1471 cruce
1128 1419 1163 1471 ud
1184 1419 1310 1489 terriplum
1337 1428 1456 1473 scrutum
1485 1427 1559 1473 titum
1588 1419 1836 1474 constituendum.

206 1508 316 1563 Titulus
331 1507 455 1562 vicesimi
474 1506 600 1577 septimi.
618 1506 743 1563 Psolutus
768 1509 818 1577 ipsi
837 1507 928 1560 David
938 1511 978 1561 at·
1013 1506 1139 1560 lietera
1152 1524 1210 1561 non
1225 1512 1384 1562 mutantur.

173 1597 352 1663 tribuendus,
374 1596 403 1650 id
423 1600 465 1648 est
481 1594 603 1649 Christo.
622 1597 656 1649 Et
668 1596 742 1649 bene
756 1595 839 1666 penit
855 1596 905 1665 ipsi
918 1595 976 1647 De·
1064 1594 1136 1658 Quia
1160 1613 1227 1650 vero
1243 1596 1364 1663 dixerat,
1381 1597 1488 1664 esxiirdi,
1504 1596 1631 1651 ostendit
1655 1597 1734 1651 unde
1750 1613 1833 1652 exau·

169 1685 225 1740 vid.
242 1684 327 1749 Quasi
345 1684 420 1738 dicat
437 1700 443 1736 z
462 1683 523 1737 Nou
540 1683 626 1737 [levid
642 1683 770 1754 loquenti
783 1701 833 1755 per
844 1683 976 1737 membra
1027 1683 1096 1749 diat,
1113 1684 1161 1737 sic.
1181 1686 1219 1738 lte
1231 1685 1284 1738 lioc
1304 1685 1410 1739 scilicet
1427 1685 1539 1740 exaudi.
1562 1685 1606 1739 Ne
1629 1685 1728 1739 tradas
1751 1702 1793 1740 rue
1807 1686 1833 1738 iu

170 1791 230 1840 sua,
247 1774 297 1828 sed
321 1773 385 1844 ipsi,
412 1772 441 1826 id
471 1776 513 1826 est
536 1773 625 1826 David
650 1773 679 1827 in
709 1773 827 1843 propria
854 1755 1012 1842 parsouoB
1027 1775 1151 1826 mortem
1172 1774 1253 1825 u'uml
1279 1791 1337 1826 eum
1360 1774 1565 1844 peeeutort'luu3
1589 1774 1829 1837 antonomastice,

170 1862 279 1934 agenti,
296 1866 324 1916 et
340 1865 404 1916 orat
425 1862 470 1915 hic
494 1862 702 1931 praetendendo
725 1862 873 1927 meritum,
887 1861 915 1914 id
932 1865 975 1915 est
1025 1860 1104 1931 quasi
1121 1859 1229 1914 diceret
1247 1878 1252 1914 :
1275 1861 1335 1916 Nou
1353 1879 1404 1915 oro
1420 1862 1537 1933 quidem
1560 1866 1590 1915 ut
1608 1879 1666 1916 non
1685 1861 1785 1915 tradas
1803 1861 1830 1914 in

169 1952 277 2006 bonam
294 1951 487 2004 intentionem
504 1967 597 2015 suom,
622 1953 651 2003 ut
667 1951 740 2004 Deus
761 1950 894 2004 exaudiat
907 1966 973 2002 euru

169 2044 302 2094 orantem
319 2040 354 2092 de
369 2039 589 2093 resurrectione.
609 2039 733 2110 Agitque
754 2039 842 2091 etiam
861 2055 975 2092 conces·

169 2129 226 2181 sive
238 2128 273 2181 de
284 2128 474 2182 retributione
491 2127 688 2193 inimicorum,
703 2127 913 2196 annuntiatque
929 2142 972 2178 sa·

169 2217 260 2269 lutem
276 2231 405 2281 suorum,
421 2220 449 2269 et
466 2216 494 2268 in
505 2215 562 2269 titre
578 2231 630 2285 pro
647 2215 687 2268 eis
702 2219 775 2269 orat.

202 2303 250 2357 Ad
264 2311 298 2370 te,
314 2303 438 2367 Diimiue,
454 2301 587 2372 Trinitas,
606 2303 795 2357 obtinendum
811 2304 930 2357 clamavi
944 2308 973 2358 el

169 2390 299 2457 clamabo,
317 2391 400 2445 idest
422 2392 501 2445 bona
516 2391 678 2446 intentione
695 2408 758 2462 quae
778 2391 830 2445 tibi
855 2394 898 2444 est
918 2393 973 2445 cla-

168 2495 234 2533 mor
244 2479 383 2546 intensus,
400 2496 495 2550 agam.
512 2480 575 2534 Non
591 2479 659 2533 dicit
673 2480 708 2533 ad
725 2483 752 2533 te
766 2478 970 2544 obtinendum,

168 2566 288 2638 quodin
304 2583 337 2623 eo
361 2567 488 2640 plenarie
513 2583 628 2637 semper
653 2569 728 2621 Deus
749 2582 808 2620 non
826 2566 969 2634 existeret,

167 2655 311 2710 sedidem
327 2659 369 2709 est
383 2672 416 2711 ac
438 2655 460 2710 si
487 2655 563 2709 dicat
579 2672 585 2709 :
604 2654 646 2708 Ad
667 2655 722 2709 hoc
743 2655 863 2708 ειαιιιιιιε
879 2655 970 2725 utqui

165 2745 324 2799 seeundum
341 2743 547 2799 mortalitatem
567 2743 620 2798 tibi
633 2759 696 2797 sum
720 2759 779 2797 noo
800 2742 968 2807 conformis,

165 2831 222 2888 tuae
235 2831 402 2887 conformer
416 2831 626 2886 immortalitati
641 2834 669 2884 et
678 2830 910 2902 impassibilitati,
922 2830 970 2886 ob-

78 2906 83 2915 *
164 2919 275 2975 tineam
287 2919 394 2975 scilicet
409 2920 659 2975 immortalilatem
669 2923 698 2974 ει
708 2919 968 2989 impassibilitatem

1024 1953 1162 2016 mortem,
1176 1950 1226 2004 sed
1242 1967 1293 2004 stro
1306 1968 1338 2003 uc
1352 1951 1447 2005 tradas
1460 1951 1540 2005 simul
1562 1968 1621 2003 eum
1636 1934 1829 2020 peccatoribus,

1025 2037 1052 2090 id
1067 2041 1109 2091 est
1119 2038 1326 2091 consentiendo
1343 2039 1485 2093 desiderio
1500 2043 1698 2109 peccatorum,
1717 2038 1768 2110 qui
1786 2054 1829 2092 ure

1025 2126 1265 2180 voluutdetinere
1294 2127 1323 2179 iu
1346 2130 1449 2193 ruorle,
1476 2145 1512 2181 ιιε
1533 2143 1695 2198 resurgam.
1718 2126 1828 2197 Elquia

1024 2213 1142 2267 obscure
1159 2215 1279 2282 dixerat,
1296 2215 1414 2285 exponit
1430 2232 1437 2269 ι
1453 2216 1519 2270 Dico
1535 2233 1567 2267 tie
1578 2215 1659 2267 simul
1672 2215 1772 2268 tradas
1791 2229 1829 2269 nu

1022 2320 1081 2356 curu
1099 2304 1292 2372 peccatoribus,
1306 2305 1384 2374 quod
1404 2306 1446 2356 est
1460 2320 1492 2357 ae
1513 2304 1535 2357 si
1560 2303 1687 2357 dicerem
1705 2319 1712 2356 :
1730 2302 1782 2374 Et,
1802 2304 1826 2358 id

1022 2393 1065 2445 est
1078 2391 1193 2458 scilicet,
1204 2392 1336 2462 neperdos
1347 2409 1397 2457 ηιε,
1407 2391 1436 2445 ιιι
1448 2396 1488 2445 εει
1502 2392 1631 2445 destruas
1637 2409 1669 2444 ex
1679 2395 1753 2456 loto,
1763 2391 1827 2463 quin

1022 2496 1183 2550 resurgam.
1192 2480 1263 2533 Cum
1272 2479 1660 2550 operantibusiniquitatem,
1675 2479 1703 2532 id
1714 2482 1826 2533 estcon·

1021 2568 1173 2623 sentiendo
1185 2569 1197 2622 J
1202 2568 1300 2634 udaeis,
1311 2567 1499 2639 operantibus
1508 2572 1634 2622 mertem
1646 2584 1825 2639 luteamque

1021 2657 1173 2728 emptatice
1182 2656 1582 2728 dicituriniquilas,quantum
1594 2657 1628 2710 ad
1636 2656 1756 2720 eosllui
1765 2673 1826 2728 ope

1020 2749 1117 2799 rantes
1127 2745 1320 2816 iniquitatem,
1331 2744 1585 2815 loquunturpoeem,
1593 2744 1620 2798 id
1628 2745 1774 2807 est,verba
1784 2762 1826 2815 pa·

1019 2833 1166 2887 cilicaeum
1174 2851 1220 2887 me
1225 2833 1556 2903 prouixuosuo,deeorum
1565 2848 1672 2904 genere
1676 2832 1762 2902 juxta
1770 2848 1826 2886 car-

1020 2938 1087 2975 nem
1104 2925 1183 2989 nalo,
1196 2923 1324 2976 dicentes
1336 2939 1342 2976 :
1356 2946 1368 2970 ι
1382 2920 1526 2992 Magister,
1542 2921 1646 2975 scimus
1661 2920 1731 2992 quia
1743 2938 1824 2976 verax

164 3009 321 3064 seeundum
337 3010 415 3082 quod
431 3010 519 3063 homo
534 3026 609 3064 sum.
625 3008 685 3076 Vel,
701 3009 821 3062 ειαιιιιιιο
832 3008 867 3062 ed
882 3016 906 3062 te
918 2999 1005 3062 rui-G
1019 3008 1477 3082 espace.(Mattt.xx11,to.)oteo
1488 3009 1823 3080 quodloquuuturpecem.

164 3098 339 3153 sericordem
355 3097 519 3168 respiciens,
533 3099 613 3169 quasi
629 3098 752 3153 diceret:
763 3100 794 3152 lo
810 3097 969 3151 misericor-
1018 3096 1094 3150 Μαῖα
1105 3104 1204 3165 eutem,
1218 3097 1246 3151 id
1260 3101 1313 3162 est,
1336 3098 1419 3152 mala
1434 3096 1622 3167 cogitationes
1644 3096 1743 3150 deme
1763 3099 1825 3151 sunt

165 3185 212 3240 dia
225 3191 274 3240 tua
292 3186 450 3241 confidens.
479 3187 553 3256 Ergo
574 3184 646 3239 Deus
666 3203 747 3252 meus,
762 3186 884 3240 nesileus
898 3204 913 3238 u
927 3203 969 3238 me
1018 3187 1049 3240 iu
1064 3186 1298 3240 eordiluseorum.
1324 3186 1381 3239 Hoc
1401 3188 1499 3239 autem
1521 3184 1589 3238 dicit
1611 3184 1648 3237 ad
1668 3200 1823 3256 exaggera·

164 3273 735 3345 elongatuslloedeetdicere:Responde
745 3273 875 3345 petitioni
883 3290 965 3328 metr..
1018 3273 1128 3327 tionem
1144 3274 1250 3327 scilieet
1265 3290 1377 3339 eorum,
1405 3275 1435 3326 ut
1454 3275 1554 3343 postea
1575 3271 1738 3326 concessive
1761 3275 1825 3344 agat

164 3359 350 3431 Respondere
364 3361 415 3415 Dei
429 3364 471 3415 est
486 3360 656 3433 petitionem
672 3361 820 3431 perficere.
837 3362 870 3414 Et
882 3362 968 3415 hahe-
1019 3363 1054 3417 de
1066 3379 1165 3418 eorum
1176 3362 1375 3427 damnatione,
1384 3360 1440 3415 sie:
1456 3360 1523 3415 Dico
1532 3360 1786 3431 liquonturpecem,
1798 3363 1825 3414 et

165 3448 252 3503 turin
268 3449 324 3504 alia
336 3449 525 3503 translatione
544 3465 577 3504 ue
595 3449 764 3504 obsurdescas
779 3451 854 3515 miti,
880 3449 968 3504 idest
1016 3451 1088 3505 anuli
1103 3454 1170 3505 sunt
1184 3453 1211 3504 ia
1231 3450 1362 3504 cordibus.
1382 3450 1504 3520 Ergoda
1520 3449 1571 3501 illis
1586 3448 1732 3502 serendum
1750 3464 1823 3519 opere

164 3537 264 3591 nelias
280 3537 352 3591 mihi
367 3538 478 3592 surdus.
494 3539 528 3592 at
538 3539 592 3592 hoc
608 3538 685 3593 idem
699 3539 827 3610 estquod
842 3555 874 3592 ae
892 3538 968 3592 sileas
1018 3539 1158 3612 ipsorum,
1175 3539 1203 3593 id
1213 3542 1265 3603 est,
1278 3538 1406 3592 retribue
1416 3537 1648 3603 damnationem,
1660 3552 1823 3608 quampro-

163 3643 179 3679 o
193 3642 244 3680 me.
259 3626 293 3679 Et
307 3625 374 3697 quia
389 3625 500 3680 dixerat
513 3643 544 3679 ue
557 3627 644 3695 sileas,
660 3644 696 3681 ne
712 3631 879 3699 putaremus
891 3628 967 3698 quod
1018 3630 1168 3681 merentur
1186 3642 1274 3697 opera
1287 3643 1376 3679 eorum
1385 3643 1394 3689 3
1411 3641 1489 3679 mors
1512 3641 1577 3678 mea
1600 3623 1720 3690 seilicet,
1738 3640 1824 3695 quarn

163 3729 229 3768 mox
241 3715 324 3769 vellet
339 3715 510 3785 petitionem
526 3731 608 3769 suam
622 3714 772 3784 compleri,
780 3713 965 3769 determinat:
1018 3716 1071 3770 etsi
1088 3732 1146 3770 uon
1163 3719 1239 3779 actu,
1256 3714 1374 3768 corrsilio
1389 3717 1488 3768 lamen
1505 3717 1535 3766 et
1549 3712 1820 3782 verbisoperanlur.

161 3799 205 3857 Ne
221 3809 307 3858 taceas
327 3820 343 3855 e
366 3821 407 3857 me
422 3803 572 3873 elongatus
589 3803 663 3870 dico,
679 3803 797 3875 quaudo,
813 3802 841 3855 id
858 3806 901 3856 est
915 3802 966 3855 ali·
1016 3804 1056 3858 Ne
1073 3821 1139 3859 vero
1156 3806 1327 3876 putarentur
1340 3819 1428 3873 opera
1440 3803 1517 3872 justa
1534 3802 1577 3855 vel
1594 3818 1625 3854 ex
1647 3801 1822 3867 temeritate,

162 3891 288 3962 quando.
304 3890 386 3954 Quod
407 3895 450 3945 est
464 3891 580 3947 dicere:
597 3893 631 3945 Et
650 3891 672 3945 ει
691 3892 778 3946 modo
801 3895 886 3958 taces,
907 3906 965 3944 non
1016 3893 1055 3946 sic
1071 3893 1256 3947 determinat.
1269 3892 1313 3957 Et,
1328 3891 1355 3943 id
1369 3894 1412 3943 est
1424 3890 1541 3956 scilieet,
1560 3890 1594 3942 dei
1614 3889 1666 3941 illis
1680 3890 1821 3942 secundum

160 3979 347 4048 pertlciende,
362 3996 421 4034 non
437 3983 536 4034 lamen
547 3979 730 4046 taceas,dum
742 3995 801 4032 uon
813 3979 965 4032 lacendum
1015 3984 1160 4053 nequitiem
1173 3980 1389 4033 (adinventionum
1405 3981 1531 4048 psoium,
1549 3978 1575 4031 id
1592 3980 1646 4043 est,
1663 3978 1820 4032 secundum

161 4067 226 4120 erit.
244 4066 329 4129 Quasi
343 4066 419 4121 dicat
441 4085 447 4120 :
469 4068 576 4122 Perfice
597 4069 626 4121 in
649 4084 695 4121 me
716 4067 871 4139 aliquando
887 4066 964 4137 quod
1016 4065 1819 4140 quodpromerueruntnequamconsiliaquaeadinvene-

160 4153 368 4226 perficiendum
385 4158 437 4222 εει,
453 4158 485 4207 ol
498 4172 544 4208 me
560 4155 756 4210 immortalem
767 4158 795 4209 el
807 4153 965 4226 impassibi·
1015 4160 1083 4210 runt
1098 4157 1133 4211 de
1149 4160 1243 4210 morte
1259 4172 1336 4209 mea.
1363 4156 1396 4207 El
1412 4171 1471 4208 nou
1496 4155 1588 4207 solum
1610 4153 1660 4206 des
1676 4153 1818 4206 ucuuduur

160 4243 218 4297 lem
234 4241 330 4297 iacias.
346 4241 390 4297 Ne
405 4250 490 4296 tacetis
508 4247 536 4297 et
557 4261 588 4297 ue
609 4243 687 4300 sileas
700 4243 776 4297 idern
792 4247 834 4297 cst
846 4258 898 4314 pro
915 4242 963 4296 dc·
974 4275 1002 4335 D
1014 4263 1091 4317 ripere
1107 4262 1165 4300 ιιοιι
1180 4244 1314 4299 manibus
1328 4244 1413 4309 lacta,
1430 4244 1479 4296 sed
1496 4244 1581 4295 tribue
1597 4242 1655 4297 illis
1675 4241 1818 4295 sectandum

161 4330 366 4385 terminatione
381 4331 546 4402 repetitum.
563 4333 611 4386 Vel
621 4333 659 4386 sic
675 4349 680 4385 :
697 4331 742 4387 Ne
752 4331 963 4403 taceasquendo,
1014 4352 1091 4405 opere
1103 4351 1230 4388 meritona
1247 4333 1385 4403 ipsorum,
1400 4331 1495 4397 idest,
1510 4331 1668 4384 seeundum
1681 4328 1819 4401 hocquod

159 4417 189 4474 id
205 4420 350 4491 estaliquo
360 4421 458 4487 modo,
470 4421 538 4492 quin
551 4421 963 4493 memeosquetaciasimmor-
1014 4423 1043 4476 in
1057 4422 1192 4476 manibus
1202 4422 1402 4486 exercuerunt,
1411 4419 1596 4490 tlagellaudo,
1607 4418 1817 4489 etquasilalro-

159 4508 240 4561 tates.
255 4507 310 4562 Oro
326 4526 358 4562 ne
373 4515 467 4563 tereus.
492 4510 564 4564 Nam
590 4511 612 4564 si
637 4510 769 4578 tacueris,
788 4527 847 4565 non
870 4512 963 4565 solum
1014 4526 1083 4564 nem
1097 4526 1143 4563 me
1160 4508 1321 4563 tractando.
1345 4508 1378 4560 Et
1398 4507 1466 4577 quia
1489 4506 1600 4559 dixerat
1617 4505 1652 4558 de
1674 4512 1699 4558 et
1721 4504 1817 4581 tribue,

159 4613 218 4650 nain
235 4596 406 4653 immortalis
422 4615 481 4666 ere,
498 4600 548 4654 sed
565 4601 739 4667 ossiuu'lebor,
759 4600 789 4669 id
805 4604 847 4654 est
863 4600 964 4654 similis
1013 4598 1131 4670 exponit
1143 4598 1211 4670 quid
1228 4600 1290 4651 orat
1304 4596 1377 4662 dari,
1393 4595 1432 4649 sic
1449 4612 1456 4649 :
1479 4595 1546 4650 Dico
1566 4594 1600 4647 du
1615 4601 1640 4646 et
1654 4593 1750 4659 tribue,
1765 4591 1817 4646 sci·

159 4684 238 4751 ssusii,
254 4686 465 4741 ‹tesceutentttos
482 4690 510 4741 in
523 4688 620 4757 beetur,
635 4689 719 4744 idest
734 4689 762 4743 iu
780 4689 962 4761 prolandila-
1013 4687 1079 4740 licet
1093 4686 1180 4742 redde
1193 4685 1392 4739 retributionem
1409 4683 1536 4749 illorum,
1553 4682 1581 4736 id
1594 4686 1648 4748 εει,
1663 4681 1817 4754 praemium

158 4779 217 4828 tem
234 4775 345 4841 uiortis,
364 4792 423 4831 uon
443 4777 644 4831 resurrecturis
667 4794 755 4848 usque
781 4779 810 4831 in
834 4794 963 4832 commu·
1013 4774 1210 4829 retributionis
1222 4791 1313 4827 ererum
1331 4774 1404 4842 ipsis.
1422 4771 1628 4835 Hetribuerunt
1647 4769 1728 4823 enim
1747 4767 1817 4823 mibi

158 4881 225 4918 nem
240 4865 491 4920 resurrectionem.
508 4866 612 4920 Lacum
629 4866 750 4921 dicimus
762 4866 876 4921 foveam
893 4882 960 4937 pro·
1013 4865 1091 4918 marla
1105 4880 1157 4934 pro
1167 4863 1260 4917 bouis.
1276 4862 1378 4915 Versus
1386 4863 1482 4914 autem
1493 4859 1541 4930 qui
1551 4874 1637 4929 supra
1648 4862 1701 4924 est,
1712 4857 1819 4912 scilieet

157 4953 368 5021 sanctissimam,
379 4954 613 5026 ideoquehicpro
627 4954 823 5027 profunditate
833 4956 960 5027 ponitur,
1012 4955 1139 5024 quonium
1155 4969 1207 5004 uoti
1219 4948 1461 5014 intellectualique
1473 4949 1677 5017 praeposterate
1693 4945 1815 5016 legitur:

155 5042 185 5096 iu
209 5043 265 5097 alia
286 5043 475 5097 translatione
505 5044 627 5098 habetur
642 5060 648 5098 :
665 5063 697 5096 ue
714 5043 786 5111 sorte
810 5050 910 5096 tecente
925 5050 959 5108 te,
1012 5041 1080 5095 Dico
1092 5040 1171 5094 redde
1181 5039 1393 5103 retributurum,
1406 5035 1484 5107 qued
1497 5051 1562 5088 vere
1577 5034 1683 5100 iacies,
1701 5033 1818 5087 destrues

155 5148 290 5202 eetnporer
304 5131 518 5186 descendentibus
537 5135 565 5186 iu
580 5131 676 5185 ιαειιιιι.
689 5131 749 5186 Dixi
772 5131 901 5199 ctoritate,
920 5130 961 5184 in·
1011 5130 1079 5197 illos,
1094 5131 1122 5183 et
1135 5128 1181 5182 bic
1193 5128 1230 5183 de
1244 5132 1322 5181 terra
1333 5143 1394 5191 sua,
1409 5125 1474 5178 etin
1488 5125 1584 5178 tuturo
1597 5121 1819 5178 detemavixen·

155 5221 285 5275 tentione
296 5220 410 5274 scilicet.
428 5221 561 5275 uterium
585 5220 713 5285 ειιιιιιαιο,
735 5237 802 5274 voce
821 5219 958 5289 depreca-
1010 5220 1093 5286 tium,
1111 5235 1198 5290 quam
1214 5235 1243 5272 se
1256 5212 1609 5287 traberepraesumuntat
1620 5211 1815 5283 poslnonardi·

154 5309 249 5377 tionis,
264 5310 294 5365 id
307 5314 349 5364 est
364 5327 431 5364 voce
446 5311 615 5364 elementari
632 5328 649 5365 a
669 5309 871 5382 deprecatione
893 5325 959 5363 mea
1008 5309 1098 5377 ficetis
1113 5323 1156 5362 eos
1171 5324 1224 5361 nec
1236 5309 1265 5361 iu
1276 5307 1339 5371 hac,
1352 5321 1405 5358 uec
1423 5304 1452 5357 in
1469 5304 1531 5370 illa;
1548 5301 1625 5357 etde
1641 5302 1685 5355 his
1700 5300 1793 5356 causis
1809 5316 1816 5354 z
1874 5301 1876 5316 '

153 5400 332 5470 precedenti,
342 5398 448 5453 scilicet
462 5399 498 5452 ab
513 5398 674 5453 intentione
688 5397 955 5470 cordisquaelcde-
1009 5396 1140 5463 Quoniam
1158 5413 1211 5449 tion
1225 5393 1407 5448 intellexeruut
1421 5410 1498 5462 opere
1514 5390 1634 5456 Douu'ni,
1648 5389 1675 5443 id
1692 5394 1745 5456 est,
1762 5405 1816 5442 no·

154 5490 287 5555 precatur
300 5487 421 5540 tritium.
437 5486 479 5552 at,
493 5491 532 5553 tu,
546 5486 643 5540 eraudi
659 5504 746 5539 liorem
762 5485 955 5555 deprecationis
1007 5487 1122 5540 luerunt
1136 5483 1297 5552 inlelligere
1314 5498 1365 5552 per
1383 5496 1472 5550 opera
1497 5497 1546 5534 sua
1566 5495 1632 5533 ειιιιι
1656 5478 1813 5533 Dominum

152 5589 226 5643 mea,
242 5572 272 5627 id
287 5579 329 5629 est
342 5573 736 5647 audi,ulimpetrem,vocern
746 5592 809 5648 qua
825 5576 954 5647 procedit
1005 5592 1065 5629 esse
1081 5574 1110 5628 in
1125 5573 1221 5640 relius,
1240 5571 1347 5626 scilicet
1359 5586 1411 5641 per
1425 5569 1551 5641 gloriosa
1574 5567 1725 5636 miracula,
1745 5581 1811 5640 quta
