3772 5970
104 294 158 353 ΜΞ
410 298 442 357 S.
462 299 635 356 animosus
654 292 970 353 camntslatotttll
988 293 1223 352 monis
1240 296 1319 352 (ll’l’.
1339 296 1458 352 PARS!
1711 298 1761 352 aaa

103 439 226 497 casuros,
242 426 269 481 id
277 426 321 482 est
329 428 555 498 potensappare.
563 426 594 479 Et
601 423 761 479 ostenditin
769 438 827 493 quo
834 421 908 475 scili·
920 422 949 479 Δ
967 420 1172 475 renationem
1181 421 1393 477 lteiroiuntatis
1401 421 1626 494 eatappetitadit
1637 421 1763 492 quotidie

106 520 167 570 eet:
181 516 308 572 Prarmi
323 534 390 569 eom
400 512 907 586 erquotontmem,ioestrimeeum:
956 508 1048 563 etiarn
1056 509 1094 564 ab
1102 509 1198 582 impiis
1207 526 1260 582 per
1266 527 1356 582 opera
1362 511 1600 583 malaappetitur.
1609 510 1762 566 Sicutrero

104 602 676 674 sieutilleiirreitqoiprarenitetillequi
687 601 849 673 supplantat
859 597 909 650 ali-
958 596 1164 652 llaridaSaole
1172 599 1202 653 in
1217 599 1382 670 ipsiusnece
1393 599 1638 655 liberatusestzsio
1652 599 1764 654 ethri·

104 694 301 765 quemAEtboe
314 694 420 766 duplici
432 690 745 747 similitudinedicit.ad
754 703 909 758 exaggera·
957 688 1018 741 stus
1028 703 1046 740 a
1056 692 1151 741 morte
1166 689 1195 742 in
1211 690 1422 744 resurreetione
1437 691 1498 763 ipsa
1512 693 1610 745 morte
1621 688 1764 744 destructa

105 785 214 838 tionem
226 784 339 837 seeleris
349 800 460 837 eruum.
473 783 574 846 labor,
586 780 702 845 scilieet,
718 779 810 837 since,
825 777 909 846 Erige
956 780 1274 847 ereptusest.Peralios
1283 796 1351 835 sero
1365 779 1593 836 inimioosllarid
1611 779 1728 835 tudens
1737 782 1764 832 et

102 876 224 925 unimam
240 890 347 931 stream,
364 889 428 943 rina
436 873 573 926 innocens
583 874 636 932 est,
651 870 686 922 ol
694 867 826 939 impiam
836 872 907 920 esta
959 863 1358 922 Romanosmititest'lrristum
1367 867 1764 940 persequentesintelligimus

106 962 252 1014 voluntate
263 960 342 1031 impii
353 960 461 1013 tudaiei
468 958 616 1031 prspuline
624 958 788 1012 detineatur
796 956 825 1009 in
834 971 909 1009 mor·
957 969 975 1006 a
984 953 1088 1022 quibus
1099 954 1267 1011 omnibnsin
1274 957 1484 1012 resurreetione
1494 958 1696 1012 liberetuseet
1712 957 1763 1010 Po-

105 1054 144 1102 te.
160 1049 298 1101 Animam
313 1065 408 1102 meam
426 1048 491 1102 dieo
503 1047 673 1101 existentem
683 1047 908 1116 fromeomtoorn,
957 1045 1049 1099 testei
1057 1046 1111 1099 hoe
1122 1049 1216 1099 totum
1227 1044 1264 1099 ad
1276 1045 1537 1100 Ecclesiamrelerri
1552 1049 1605 1100 :ut
1615 1062 1670 1118 per
1678 1044 1763 1101 band

105 1152 158 1208 per
169 1137 249 1206 eujus
271 1136 439 1190 descensum
453 1136 489 1190 ad
513 1136 620 1189 interos
631 1133 789 1188 debellabis
812 1131 910 1185 diabo-
958 1132 1113 1188 Ecclesiam
1122 1151 1187 1205 qua
1195 1133 1624 1204 manufortisestzpersaulem
1635 1150 1704 1190 vero
1713 1136 1762 1190 lle.

106 1225 176 1279 torn.
191 1223 275 1288 Quasi
291 1224 385 1278 diret:
404 1225 486 1295 Eripe
502 1241 566 1277 eam
583 1240 648 1276 eum
673 1222 708 1274 sit
722 1221 834 1274 tramea
849 1224 908 1283 tua,
958 1222 1005 1276 rid
1015 1222 1561 1294 persecutorumdueemdiabolum.qui
1572 1224 1708 1279 omniurn
1718 1224 1764 1278 ue

106 1314 144 1367 ab
159 1311 285 1365 inimicis
301 1328 403 1366 manns
415 1317 483 1377 tuae,
500 1312 583 1365 idest
597 1328 614 1364 a
626 1309 739 1373 ladais,
753 1309 801 1379 qni
815 1306 910 1360 inimi·
958 1310 1050 1364 etesia·
1060 1314 1275 1382 persecutorum
1284 1314 1370 1382 caput
1379 1315 1432 1365 est.
1450 1313 1505 1365 Per
1518 1315 1641 1366 eeteros
1647 1311 1762 1384 quidem

102 1402 127 1454 ci
141 1383 210 1468 44
220 1404 287 1453 suut
302 1399 386 1453 Verbi
397 1400 438 1453 tui
452 1400 523 1453 mibi
535 1398 725 1469 personaliter
737 1399 910 1469 unitizquod
959 1398 1092 1452 inimicos
1114 1399 1213 1464 David,
1226 1399 1350 1453 risibiles
1359 1399 1489 1454 acerete
1495 1403 1708 1470 persecutores,
1717 1400 1762 1471 qui

106 1492 150 1542 est
165 1504 269 1541 marrus
283 1492 342 1547 trra,
363 1504 415 1558 per
428 1505 516 1558 quarn
527 1487 626 1541 sarrinia
638 1487 747 1553 lecisti;
763 1487 908 1541 sicutalibi
958 1486 1065 1541 diaboli
1075 1487 1208 1541 membra
1218 1491 1295 1552 sunt,
1307 1488 1503 1559 intelligamus
1519 1489 1765 1560 :aquibusomni-

108 1575 276 1630 l'satmista:
294 1598 307 1617 u
316 1575 408 1629 l‘erbo
417 1576 531 1630 Domini
541 1576 603 1630 eceli
617 1577 724 1631 firmati
744 1579 810 1629 sont
819 1575 907 1637 (Pol.
959 1574 1012 1628 hus
1024 1574 1147 1628 Ecclesia
1155 1575 1314 1629 secundum
1324 1575 1453 1629 animam
1458 1578 1520 1645 jam
1534 1576 1657 1631 liberata
1669 1581 1766 1641 esbus

108 1680 192 1727 ιιιιι,
203 1666 240 1726 tl).
256 1688 269 1709 n
288 1664 320 1716 Et
335 1680 392 1718 nrm
408 1665 501 1717 solum
514 1680 560 1717 me
576 1665 612 1718 ab
626 1665 668 1718 eis
681 1663 797 1734 eripias,
812 1664 908 1717 seddi-
958 1662 995 1714 ab
1007 1662 1048 1715 eis
1057 1662 1162 1716 seilicet
1177 1662 1765 1733 incorporeturlnluturoautemetiamab

106 1752 166 1804 ride
179 1769 230 1804 coe
244 1753 286 1813 Et,
300 1769 336 1805 ne
347 1751 557 1815 intelligeretur
572 1753 607 1807 de
618 1753 756 1807 divisione
777 1753 824 1805 illa
845 1769 909 1823 quae
921 1733 946 1794 Β
959 1765 1062 1803 eorum
1075 1751 1322 1821 persecutionibus
1330 1751 1477 1822 eripietur.
1491 1753 1601 1807 Titulus
1612 1756 1714 1808 autem
1728 1753 1765 1807 sie

105 1841 201 1893 lutura
217 1839 298 1893 estin
315 1840 362 1894 die
374 1840 485 1910 judicii,
497 1842 834 1912 quandoseparabuntur
844 1858 911 1894 oves
960 1837 1123 1909 exponitur.
1145 1838 1233 1892 Verbo
1250 1842 1349 1892 coritier'
1370 1841 1462 1910 lisoio,
1477 1840 1556 1894 idest
1567 1840 1766 1896 delectationis

106 1928 143 1981 ab
154 1928 244 1983 badis
255 1927 368 1990 illotos.
384 1946 446 1987 ιιι,
461 1934 495 1984 :la
509 1973 516 1991 ,
533 1930 614 1983 addit
630 1947 636 1983 :
651 1929 684 1982 ln
698 1932 752 1982 rito
767 1947 868 1994 eorsum,
882 1928 910 1982 id
960 1925 1213 1997 spiritualiennjm
1225 1943 1283 1981 non
1298 1930 1339 1980 est
1351 1928 1475 1997 positum
1486 1929 1521 1982 ad
1533 1928 1767 2000 designationem

106 2020 159 2080 est,
171 2016 200 2070 io
217 2017 270 2070 bae
286 2016 343 2070 rita
358 2016 452 2070 divide
466 2034 515 2070 eris
529 2034 581 2087 per
592 2022 685 2071 totum
701 2018 854 2081 mundum,
867 2033 910 2070 se·
961 2014 1184 2085 praesentias&
1195 2015 1357 2086 dignitatis:
1371 2021 1401 2069 ut
1416 2017 1547 2088 superins
1561 2016 1723 2072 dictumest
1737 2017 1766 2071 in

107 2107 223 2174 paratos
237 2123 253 2156 o
264 2107 359 2174 licronis
373 2105 514 2165 tidelibus,
528 2106 576 2176 qui
593 2106 628 2159 de
649 2122 750 2160 eorum
773 2105 912 2176 progenie
962 2101 1019 2156 alio
1035 2104 1157 2173 psalmo.
1174 2101 1230 2173 Ipsi
1236 2102 1325 2156 Dorid
1329 2104 1468 2174 panlinus:
1483 2105 1563 2174 quasi
1571 2105 1664 2160 dieat:
1678 2105 1768 2160 Verba

107 2195 174 2245 sunt
189 2191 216 2244 in
229 2193 388 2247 Jerusalem
403 2209 409 2245 :
428 2192 531 2262 ortibus
544 2193 653 2248 dictum
667 2198 709 2247 est
721 2211 738 2247 a
753 2193 870 2264 Spiritu,
882 2195 913 2246 ut
963 2191 1015 2244 ista
1024 2207 1090 2244 cum
1103 2190 1243 2262 spirituali
1255 2191 1446 2245 delectatione
1456 2193 1768 2262 prolataattribuends

1 2282 4 2291 '
109 2280 322 2334 transferretse
340 2280 367 2334 in
384 2296 507 2350 regnum
522 2281 668 2352 Agrippan,
685 2299 722 2335 ne
746 2281 911 2351 allligeren·
962 2279 1136 2334 suntllarid.
1147 2280 1181 2333 Et
1192 2279 1366 2333 determinat
1381 2281 1426 2333 cui
1442 2281 1541 2347 llarid,
1552 2281 1662 2336 scilieet
1680 2280 1769 2335 David

109 2370 156 2421 tur
168 2366 325 2422 ailliotiono
340 2367 499 2423 obsidionis
507 2369 799 2440 ierosolymitanam
810 2368 913 2422 merito
958 2384 1054 2436 puero,
1068 2367 1096 2422 id
1109 2371 1240 2422 estserro
1249 2367 1497 2429 llomini,ten‹tenti
1505 2370 1533 2420 in
1546 2368 1673 2435 finemid
1682 2372 1726 2423 est
1740 2368 1767 2422 in

110 2454 242 2510 divides:
259 2471 327 2509 nam
345 2463 433 2510 venter
447 2475 549 2520 eorum,
569 2457 597 2510 id
624 2461 667 2511 est
680 2457 801 2512 earnalis
816 2458 914 2510 voluu-
963 2456 1170 2527 perfectionem
1178 2460 1208 2509 et
1217 2456 1507 2510 consummationem.
1518 2457 1602 2519 Quod
1612 2456 1765 2512 estdioere:

109 2544 153 2596 tas
173 2559 274 2597 eorum
291 2544 450 2614 ‹rilirnpletos
460 2552 507 2610 ert,
522 2544 598 2599 idest
610 2561 712 2600 eorum
725 2545 914 2598 voluntatisa-
963 2543 1017 2608 Qui
1042 2546 1168 2616 perfecte
1184 2544 1239 2598 luit
1253 2545 1390 2599 obediens
1410 2545 1553 2609 Domin03
1578 2544 1660 2616 quod
1675 2545 1767 2600 nullus

111 2629 255 2685 lislaotum
269 2634 326 2698 est;
338 2632 370 2686 de
381 2633 540 2687 abscinditis
551 2634 612 2697 tois,
629 2632 838 2687 idestmultum
847 2650 914 2704 gau·
963 2632 1036 2686 alius
1046 2635 1110 2703 post
1123 2648 1190 2686 eum
1202 2632 1265 2686 luit.
1274 2631 1342 2696 Quin
1351 2632 1437 2686 rerba
1451 2633 1562 2686 loeutus
1571 2636 1617 2687 est
1632 2634 1765 2694 Domino.

111 2719 263 2774 debuntde
279 2720 511 2776 tribulationibus
526 2725 555 2776 et
570 2724 664 2776 morte
680 2738 755 2788 mea,
776 2739 840 2793 qua
851 2738 914 2792 pro
963 2720 993 2774 id
1007 2724 1051 2774 est
1063 2719 1246 2775 adhonorem
1256 2720 1370 2775 Domini
1380 2738 1386 2775 :
1396 2721 1502 2791 partim
1519 2721 1641 2792 loquens
1654 2722 1694 2776 ad
1701 2738 1764 2777 eum

111 2807 218 2862 cedunt
231 2809 267 2863 de
282 2809 456 2864 absconditis
466 2810 582 2881 judiciis
598 2809 664 2872 tuis,
683 2827 741 2865 non
756 2810 791 2865 de
813 2826 914 2865 eorum
964 2813 996 2863 ut
1010 2809 1047 2863 ad
1062 2809 1218 2864 secundam
1225 2825 1398 2881 personam:
1414 2811 1518 2879 partim
1529 2810 1619 2864 etiam
1629 2810 1668 2866 ad
1679 2826 1766 2865 mem·

112 2895 251 2968 potentia.
263 2897 296 2951 Et
319 2914 378 2952 non
397 2899 491 2954 solum
510 2898 660 2971 adimpleti
676 2902 753 2966 sunt,
765 2901 814 2953 sed
827 2899 915 2954 etiam
965 2897 1017 2951 bra
1031 2914 1081 2951 sua
1096 2896 1264 2952 instruenda
1277 2897 1313 2951 ad
1330 2897 1416 2967 ipsius
1434 2897 1588 2952 honorem.
1602 2898 1694 2953 David
1717 2913 1764 2970 pro

112 2985 230 3038 saturati
241 2992 303 3038 sont
314 2987 387 3055 filiis,
401 2986 429 3040 id
444 2990 486 3041 est
502 2987 537 3041 ad
550 2988 659 3041 malum
672 2988 837 3058 exemplum
846 2988 917 3041 olio·
933 2985 1073 3077 Cjudicio
1080 2985 1172 3057 posito
1189 2988 1215 3038 in
1223 2986 1275 3050 die,
1283 2984 1312 3039 id
1323 2985 1400 3039 estin
1410 3002 1459 3055 spe
1468 2969 1610 3056 diethS
1621 2987 1650 3040 in
1658 2986 1765 3058 quadie

111 3072 574 3145 rum:utindellliiquinoudum
590 3075 651 3129 nati
668 3078 915 3141 suntsaturentur‚
966 3074 1073 3144 eripuit
1100 3090 1166 3127 eum
1196 3073 1345 3137 Dominus,
1360 3073 1388 3126 id
1404 3076 1446 3127 ost
1459 3072 1486 3126 in
1501 3090 1551 3144 spe
1567 3073 1625 3128 diei
1645 3090 1766 3129 resurae

111 3158 141 3213 id
150 3163 192 3213 est
201 3159 380 3216 delectentur
391 3163 608 3234 maloexemplo
622 3179 733 3217 eorum.
749 3164 782 3216 Et
798 3179 855 3217 non
865 3162 917 3217 soli
968 3161 1081 3225 ebionis,
1095 3161 1125 3215 in
1141 3178 1198 3232 qua
1212 3160 1315 3232 eripiet
1327 3161 1466 3214 {lominus
1480 3165 1509 3214 et
1526 3161 1765 3230 ipsumetmom·

113 3246 435 3317 patresdamnabuntur
447 3249 610 3304 :sedetiam
625 3250 774 3304 diuiserunt
793 3250 917 3322 reliquias
967 3250 1020 3304 bra
1033 3249 1119 3320 ipsius
1129 3250 1165 3303 de
1180 3265 1278 3313 manu,
1295 3249 1323 3302 id
1334 3253 1375 3303 est
1391 3249 1569 3319 depotestate
1581 3248 1769 3304 omniumini·

112 3351 185 3399 siros,
201 3333 229 3387 id
245 3337 289 3388 est
305 3336 446 3391 ultionem
472 3354 536 3407 quin
552 3338 593 3391 eis
608 3353 659 3408 pro
678 3339 855 3393 saturatione
870 3339 918 3393 illa
968 3337 1111 3392 micorum
1127 3353 1256 3400 suorum,
1270 3336 1297 3389 id
1312 3341 1353 3390 est
1368 3336 1533 3390 ludaeorum
1544 3341 1573 3389 et
1583 3336 1710 3392 militum
1722 3338 1769 3392 lto·

115 3420 333 3492 relinquebatur
348 3441 365 3478 a
380 3425 579 3495 lleo,poroob's
591 3425 807 3491 suir,dioentes:
818 3450 830 3474 α
847 3426 920 3480 San·
970 3441 1135 3489 manorum,
1152 3427 1292 3496 quantum
1309 3425 1346 3478 ad
1362 3424 1471 3495 ipsum:
1488 3428 1516 3478 et
1533 3425 1667 3479 omnium
1679 3441 1767 3496 pene·

116 3508 180 3577 guis
190 3509 251 3579 ejus
266 3529 352 3583 super
368 3531 419 3568 rios
437 3516 467 3566 el
490 3530 577 3584 super
591 3513 665 3567 lilios
680 3517 792 3568 nostros
807 3514 917 3583 (llario.
969 3519 1101 3568 culorum
1114 3513 1255 3576 Ecclesiae,
1267 3515 1407 3582 qliarrtuur
1418 3514 1454 3566 ad
1470 3512 1687 3581 niernbraejus.
1702 3513 1770 3567 Etde

117 3613 199 3650 ιιιιι.
215 3600 271 3663 aiil.
292 3624 306 3647 n
324 3600 426 3654 Postea
439 3617 471 3654 ex
487 3601 638 3655 allectione
654 3601 744 3656 nimia
762 3602 829 3656 lauit
849 3618 919 3672 apo·
971 3619 1058 3656 manu
1074 3602 1151 3664 Saul,
1169 3600 1249 3655 idest
1265 3600 1366 3654 mortis
1381 3605 1519 3670 quantuni
1534 3600 1569 3654 ad
1585 3601 1770 3670 ipsum.luxta

116 3687 253 3756 stroplren
271 3689 306 3742 ad
321 3690 412 3744 lleom
426 3707 432 3743 ι
449 3689 488 3744 sic
502 3690 554 3760 ipsi
572 3691 917 3760 promeritisdividentur.
970 3689 1039 3743 illud
1056 3688 1245 3760 apostolicum
1257 3704 1263 3740 :
1277 3707 1292 3739 «
1305 3688 1431 3741 tibristus
1444 3704 1596 3757 resurgens
1608 3704 1642 3741 ex
1655 3688 1771 3742 mortuis

115 3773 176 3842 Ego
190 3782 290 3842 irritem,
315 3778 362 3848 qui
380 3778 466 3832 modo
480 3778 541 3833 vilis
563 3779 727 3849 conspectui
754 3779 918 3834 ludaeorum
966 3778 1101 3848 jamnon
1118 3776 1241 3831 moritur
1254 3774 1341 3842 ilioni.
1355 3793 1392 3837 vr,
1408 3780 1445 3841 o).
1460 3798 1473 3821 u
1495 3776 1528 3828 Et
1542 3776 1577 3828 de
1594 3792 1684 3831 manu
1708 3776 1770 3831 Saul

116 3878 252 3934 appareo,
271 3867 402 3936 almorebo
421 3866 763 3937 gloriostocompectoitoo
781 3884 918 3938 praesens,
969 3869 1111 3936 quantum
1127 3864 1162 3918 ad
1181 3865 1323 3925 membra,
1341 3863 1425 3917 idest
1442 3863 1578 3917 dernanu
1596 3863 1716 3930 diaboli,
1736 3881 1770 3918 ne

116 3966 181 4005 eum
198 3951 226 4004 in
243 3953 347 4007 coslum
358 3954 524 4012 ascendero.
535 3954 669 4008 Etinssne
680 3955 774 4010 saeculi
782 3955 918 4021 satiabor,
969 3951 1385 4022 ampliuspotostatemhabeat
1394 3950 1770 4024 eosdamnandiperpecea·

118 4037 146 4091 id
159 4040 244 4092 estex
262 4042 321 4093 toto
335 4039 434 4093 tortitia
455 4041 599 4112 replebor,
624 4058 685 4095 com
697 4045 851 4113 disparuerit
864 4043 919 4112 olo
968 4044 1030 4094 tum
1055 4039 1206 4110 originale.
1230 4039 1314 4092 Juxta
1337 4038 1405 4092 illud
1421 4038 1583 4109 Evangelii:
1601 4061 1614 4087 a
1636 4038 1771 4110 Princeps

117 4126 158 4177 rio
171 4132 217 4179 trio
234 4125 262 4180 in
274 4126 346 4180 meis
360 4127 407 4198 qui
424 4129 512 4182 modo
525 4129 593 4182 viles
607 4133 682 4197 sunt,
705 4130 735 4185 id
750 4133 792 4185 est
809 4134 917 4185 aterna
967 4128 1052 4199 hujus
1067 4126 1168 4182 mundi
1180 4125 1311 4196 ejicietur
1320 4127 1397 4181 toras
1417 4126 1508 4194 (loon.
1520 4142 1568 4192 ιιι,
1582 4129 1637 4181 till.
1654 4147 1669 4174 u
1682 4128 1716 4181 Et
1730 4130 1772 4182 est

118 4212 266 4267 beatitudo
278 4230 295 4268 a
308 4217 336 4268 te
351 4214 465 4282 danda;
477 4216 559 4285 juxta
570 4216 639 4272 illud
654 4219 781 4288 Apristoli
797 4235 803 4272 :
820 4238 836 4270 a
847 4219 918 4273 Cum
968 4217 1029 4271 haeo
1044 4233 1095 4271 vox
1109 4217 1209 4286 capitis
1224 4217 1253 4270 in
1279 4214 1380 4286 primis
1392 4231 1445 4285 pro
1461 4214 1633 4268 liberatione
1654 4215 1697 4270 sui
1712 4217 1771 4270 Deo

118 4299 249 4355 Christus
261 4302 428 4373 apparuerit
443 4303 500 4358 vila
515 4307 619 4369 vestra,
642 4308 709 4358 tuno
724 4308 753 4358 et
767 4322 815 4359 vos
830 4322 919 4379 appa·
934 4305 1075 4376 Dgralias
1089 4304 1211 4376 agentis,
1229 4309 1327 4374 postea
1350 4319 1460 4357 verosa
1477 4320 1493 4356 a
1507 4304 1565 4357 Deo
1586 4301 1770 4358 liberandum

117 4387 216 4443 rebitis
231 4405 297 4443 eum
313 4389 373 4461 ipso
389 4391 521 4461 ingloria
535 4391 644 4451 (Coton.
663 4409 703 4459 ιιι,
717 4391 756 4464 4).
774 4415 788 4440 ι»
968 4408 1029 4447 esse
1050 4392 1210 4458 referentis,
1229 4395 1260 4447 ut
1286 4393 1314 4445 et
1336 4390 1475 4444 membris
1490 4406 1542 4462 per
1558 4407 1588 4443 se
1615 4389 1773 4445 liberandis

373 4481 406 4533 tlt
419 4479 579 4537 PSALMUM
591 4481 668 4535 thll.
967 4496 1048 4551 spem
1060 4481 1224 4535 salvationis
1235 4480 1358 4548 ingerat.
1376 4476 1507 4532 Ostendit
1528 4477 1616 4530 etiam
1646 4477 1685 4532 ad
1704 4477 1771 4533 tidei

150 4566 337 4621 Titulusserti
347 4567 451 4623 docimi
461 4585 467 4622 :
478 4567 917 4640 tnssnempuerollominillavid
968 4569 1168 4623 membrorum
1181 4567 1399 4631 instructionon,
1416 4568 1445 4619 et
1459 4565 1496 4618 ad
1506 4564 1687 4619 reddendam
1703 4582 1770 4636 gra·

115 4653 163 4725 qui
172 4655 280 4708 loeutus
293 4655 660 4711 estllominorerbacantioi
671 4656 797 4725 hujus,in
807 4655 853 4710 die
861 4674 917 4728 qua
968 4655 1072 4710 tiorum
1084 4656 1239 4720 actionem,
1257 4671 1320 4726 qua
1331 4653 1485 4707 commoda
1496 4651 1532 4705 de
1540 4652 1625 4722 ipsius
1636 4655 1733 4708 morte
1743 4657 1772 4708 et

113 4741 219 4813 eripuit
229 4759 297 4797 eum
321 4743 461 4798 [lominus
483 4743 519 4798 de
534 4760 623 4798 manu
639 4743 771 4798 omnium
790 4743 917 4799 inimieo-
950 4742 1139 4797 ,liberatione
1150 4742 1320 4812 contingere
1335 4741 1469 4795 debeant.
1488 4740 1518 4792 Et
1534 4739 1589 4793 boe
1601 4739 1623 4793 si
1640 4738 1708 4793 dicit
1726 4757 1733 4793 :

113 4845 317 4897 romanorum,
334 4831 364 4884 et
379 4832 414 4885 de
431 4847 519 4886 mauu
540 4830 617 4885 Saul.
646 4829 784 4885 Dicitana
799 4831 915 4902 quibus·
1001 4829 1122 4900 Diliqom
1133 4836 1166 4893 te,
1174 4829 1299 4894 Dolonis,
1309 4828 1387 4882 idest
1396 4843 1462 4881 eum
1472 4827 1559 4881 modo
1567 4829 1633 4881 ante
1643 4831 1770 4883 mortem

113 4917 181 4972 dam
200 4919 298 4974 titulus
313 4917 365 4973 iste
382 4918 498 4973 mittere
508 4934 559 4972 son
576 4918 611 4972 ad
626 4916 776 4972 historiam
791 4916 871 4973 illam
886 4919 915 4974 in
967 4920 994 4972 te
1009 4918 1138 4990 diligam,
1153 4919 1181 4971 et
1189 4916 1334 4987 diligendo
1345 4916 1393 4970 tihi
1409 4932 1498 4986 usque
1513 4914 1549 4968 ad
1565 4917 1693 4970 mortem
1704 4916 1772 4971 obe-

112 5022 169 5077 qua
185 5011 319 5062 narratur
331 5006 418 5062 David
433 5023 450 5060 a
458 5006 655 5077 perseeutione
669 5006 918 5073 Saulis,omuium-
967 5006 1059 5060 diam:
1070 5010 1134 5077 post
1146 5005 1370 5059 resurectionem
1378 5020 1442 5057 cunr
1459 5003 1537 5057 nulla
1549 5002 1619 5057 nrihi
1630 5002 1769 5058 obedien·

112 5095 295 5165 quoaliorom
303 5094 488 5149 inimieorum
497 5110 614 5149 suorum
622 5094 915 5165 postmortomSaulis
966 5094 1246 5161 tiarestabit‚saltern
1255 5094 1375 5164 diligam
1385 5098 1422 5147 te.
1434 5094 1466 5147 Et
1477 5093 1505 5146 in
1517 5093 1571 5147 troc
1579 5092 1684 5146 innuit:
1696 5108 1768 5164 quo·

109 5181 195 5236 luisse
211 5182 376 5248 liberatum,
389 5182 466 5253 quod
488 5181 525 5237 ad
538 5182 652 5237 Domini
668 5183 792 5253 liguram
805 5183 912 5237 lactum
965 5182 1045 5236 niam
1062 5185 1090 5236 et
1100 5182 1205 5236 sanctis
1215 5182 1244 5235 in
1258 5179 1579 5235 luturoimmortalitate
1590 5179 1769 5250 susceptanil

109 5273 293 5324 essoeerlum
324 5275 375 5325 ost.
405 5271 458 5324 Por
484 5271 600 5325 Saulem
615 5271 704 5336 enim,
721 5272 768 5343 qui
782 5273 912 5342 opipetitus
963 5270 1081 5325 restabit
1110 5269 1163 5324 nisi
1192 5268 1391 5325 dileetiosota.
1415 5270 1497 5322 Juxta
1526 5267 1594 5321 illud
1612 5268 1767 5339 Apostoli:

108 5356 292 5429 interpretari
313 5359 426 5425 dieitur,
455 5375 533 5413 mors
558 5358 716 5414 rectissime
731 5359 909 5428 designatur.
963 5355 1769 5428 «Sivepropheticae-vacuabontur,sirelinguacessabunt

107 5444 250 5506 Quoniam
261 5447 332 5500 sieut
342 5446 408 5500 Saul
418 5447 574 5501 erintrallei
586 5449 763 5502 voluntatem
780 5446 908 5500 aludmis
961 5446 1085 5501 charitas
1096 5462 1243 5516 nunquam
1260 5444 1361 5500 excidit
1379 5444 1476 5507 (lCor.
1491 5461 1550 5501 ιιιι.
1563 5445 1599 5511 8l.
1614 5465 1627 5490 u
1646 5444 1681 5498 Et
1696 5459 1768 5514 prse-

104 5532 149 5586 est
159 5534 299 5601 appetitus
312 5551 318 5588 ε
334 5534 373 5587 ila
386 5537 411 5587 et
424 5551 502 5589 mors
517 5536 553 5589 ab
565 5536 694 5590 Adanret
705 5536 759 5609 Era
771 5551 822 5604 per
832 5551 905 5605 pra-
962 5534 1054 5588 tendit.
1064 5549 1178 5587 cauam
1190 5532 1360 5595 dilectionis,
1374 5532 1412 5586 sic
1426 5549 1431 5584 :
1447 5531 1762 5602 Adeodiligamtequia
